2400 4109
1075 93 1341 158 LIBER
1370 96 1457 158 11.
2150 99 2267 160 {03

257 251 552 336 {publicae
601 254 978 325 abstineant;
1045 256 1387 322 consulares
1433 254 1577 316 vero
1627 251 1841 324 fasces,
1888 259 2267 334 praetextam.

267 335 659 414 curulemque
687 335 916 404 sellam,
945 334 1087 396 nihil
1116 337 1300 406 aliud,
1326 336 1505 416 qu“m
1596 355 1827 414 ompam
1856 333 2099 404 funeris,
2126 355 2267 415 pu·-

263 420 402 475 tent
425 435 442 484 ;
505 413 684 474 claris
709 414 1037 496 insignibus
1064 417 1230 476 velut
1255 416 1461 476 infulis
1490 436 1563 476 ve
1590 423 1719 476 atos
1746 415 1822 474 ad
1850 421 2098 475 mortem
2128 415 2267 475 des-

261 494 468 554 tinari.
550 495 723 569 Quod
753 495 803 554 si
833 495 1178 556 consulatus
1216 503 1384 556 tanta
1411 495 1671 562 dulcedo
1698 493 1793 564 sit,
1830 496 1958 576 jam
1985 513 2148 555 nunc
2176 495 2267 556 ito.

265 573 333 634 in
361 574 624 634 animum
653 573 960 643 inducant,
989 577 1361 636 consulatum
1409 583 1646 656 captum
1698 581 1760 634 et
1802 595 2147 666 oppressum
2191 577 2265 636 ab

243 653 588 715 'n-ibunicia
615 661 908 734 potestate
938 675 1069 714 esse
1094 677 1111 726 ;
1180 655 1429 724 consuli,
1457 657 1622 716 velut
1664 651 1987 735 apparitori
2014 655 2266 715 tribuni·

270 732 384 802 cio,
409 734 608 793 omnia
635 734 712 795 ad
757 743 964 796 nutum
1006 735 1439 815 imperiumque
1462 735 1683 796 tribuni
1711 735 1942 815 agenda
1969 754 2119 794 esse.
2200 735 2267 796 Si

267 797 765 952 efflmmoverin
794 815 845 874 si
886 815 1215 896 respexerit
1240 817 1471 886 PatreS,
1519 816 1570 874 si
1598 815 1785 884 aliud,
1806 815 1986 894 qufm
2016 814 2268 894 plebem,

266 913 302 957 e
331 953 358 969 Α
448 894 510 953 in
559 893 862 975 republica
909 895 1252 965 crediderit,
1300 894 1570 956 exsilium
1613 895 1686 953 C.
1734 894 1967 964 Marcii,
1994 894 2270 954 Menenii

267 972 708 1036 damnationem
738 981 798 1034 et
826 983 1094 1045 mortem,
1122 975 1235 1036 sibi
1278 982 1571 1070 proponat
1610 985 1750 1036 ante
1799 974 2067 1034 oculosss’
2150 972 2271 1036 His

265 1054 508 1112 accensi
555 1054 798 1114 vocibus
847 1056 1058 1115 Patres
1087 1055 1351 1115 „consilia
1396 1055 1557 1122 inde,
1601 1073 1719 1113 non
1766 1054 2018 1133 publica,
2065 1054 2173 1114 sed
2202 1052 2267 1114 in

263 1131 517 1218 privato,
571 1136 937 1213 seductaque
993 1135 1022 1192 εἰ
1078 1135 1339 1216 plurium
1392 1133 1775 1202 conscientia,
1826 1133 2040 1194 babere
2064 1155 2082 1205 3
2164 1134 2267 1195 ubi

270 1213 455 1290 quum
493 1213 556 1273 id
585 1214 762 1274 mod&
790 1221 1110 1284 constaret,
1128 1217 1269 1294 jure
1297 1235 1373 1276 an
1403 1213 1623 1273 in’uria
1651 1210 1986 1296 eripiendos
2012 1233 2141 1274 esse
2172 1233 2265 1273 re-

267 1311 354 1360 οε,
403 1293 774 1354 atrocissima
821 1315 1080 1374 quaeque
1129 1295 1381 1356 maxime
1430 1235 1703 1376 placebat
1750 1293 2084 1363 sententia;
2151 1313 2271 1354 nee

263 1379 478 1432 auctor
504 1374 776 1452 quamvis
823 1374 1036 1435 audaci
1084 1373 1333 1434 facinori
1376 1375 1601 1434 deerat.
1684 1372 1874 1454 Igitur
1906 1373 2123 1453 judicii
2149 1373 2266 1444 die,

265 1468 454 1530 quum
483 1453 648 1533 plebs
674 1453 748 1522 in
784 1453 913 1514 foro
959 1461 1160 1514 erecta
1206 1453 1619 1534 expectatione
1668 1458 1874 1520 staret,
1916 1451 2117 1511 mirari
2141 1453 2265 1533 pri·

264 1532 386 1600 md,
413 1531 574 1610 quad
601 1553 722 1593 non
748 1532 1143 1594 descenderet
1169 1533 1477 1592 tribunus:
1520 1531 1758 1600 deinde,
1784 1551 1967 1610 quum
1986 1533 2115 1610 jam
2140 1551 2266 1592 mo-

266 1629 336 1670 ra
363 1612 696 1692 suspectior
723 1612 913 1682 fieret,
941 1611 1294 1672 deterritum
1326 1613 1357 1670 a
1400 1611 1752 1692 primoribus
1780 1609 2045 1680 credere,
2072 1617 2135 1671 et
2160 1611 2268 1672 de-

266 1697 490 1754 sertam
511 1712 582 1752 ac
602 1692 898 1772 proditam
919 1711 1160 1752 causam
1178 1691 1475 1771 publicam
1498 1690 1686 1770 queri.
1728 1690 2021 1758 Tandem,
2042 1690 2147 1770 qui
2165 1694 2269 1752 ob-

265 1769 489 1831 versati
507 1771 798 1832 vestibulo
814 1763 1035 1832 tribuni
1053 1771 1307 1842 fuerant,
1320 1770 1627 1840 nunciant,
1640 1769 1799 1830 domi
1820 1776 2115 1830 mortuum
2134 1790 2271 1834 esse

265 1850 615 1923 inventum3
682 1851 843 1934 quod
893 1851 993 1912 ubi
1034 1851 1097 1911 in
1144 1857 1333 1912 totam
1377 1850 1721 1912 concionem
1750 1850 1999 1931 pertulit
2024 1871 2225 1912 rumor
2244 1871 2271 1923 3

257 1929 422 1990 sicut
461 1931 620 1992 acies
647 1931 921 1992 funditur
946 1932 1100 1994 duce
1143 1933 1363 2000 occiso,
1390 1931 1474 1992 ita
1502 1929 1719 2031 dilapsi
1746 1929 1968 2012 passim
1998 1931 2101 1990 alii
2126 1931 2263 1991 alio.

266 2009 619 2091 Praecipuus
646 2032 828 2091 pavor
867 2012 1132 2072 tribunos
1174 2011 1493 2081 invaserat,
1535 2031 1717 2090 quam
1759 2008 1905 2069 nihil
1934 2009 2140 2070 auxilii
2168 2031 2266 2071 sa·-

266 2096 456 2152 cratoe
483 2090 502 2148 l
581 2112 646 2172 es
671 2092 972 2160 haberent,
1012 2099 1198 2150 morte
1242 2091 1489 2171 collegae
1538 2089 1810 2170 monitos.
1890 2089 2025 2148 Nec
2058 2090 2269 2152 Patres

263 2169 414 2230 satis
441 2111 744 2232 mdderate
770 2171 927 2231 ferre
960 2170 1233 2232 laetitiam
1257 2191 1276 2241 ;
1317 2171 1588 2248 adeoque
1616 2169 1912 2230 neminem
1940 2187 2111 2228 noxae
2136 2190 2269 2249 poe-

266 2249 515 2323 nitebat,
540 2258 609 2311 ut
635 2251 816 2312 etiam
861 2250 1130 2311 insontes
1179 2248 1394 2310 fecisse
1441 2247 1633 2309 videri
1677 2247 1925 2316 vellent,
1949 2248 2267 2328 palamque

265 2327 544 2400 ferretur,
571 2331 727 2392 malo
754 2331 1110 2392 domandam
1136 2328 1511 2390 tribuniciam
1542 2335 1918 2409 potestatem.

349 2409 483 2484 LV.
523 2409 648 2470 Sub
672 2411 785 2472 hac
814 2409 1054 2491 pessimi
1100 2409 1357 2490 exempli
1384 2408 1632 2470 victoria
1672 2408 1945 2470 delectus
1973 2407 2265 2468 edicitur:

267 2490 741 2570 paventibusque
777 2489 1047 2560 tribunis,
1074 2489 1201 2550 sine
1230 2489 1658 2550 intercessione
1684 2489 1810 2548 ulla
1836 2487 2115 2547 consules
2139 2507 2267 2548 rem

265 2577 577 2650 peragunt.
658 2571 817 2632 Tum
846 2571 989 2631 vero
1015 2570 1193 2630 irasci
1221 2570 1443 2650 plebea,
1469 2569 1837 2629 tribunorum
1867 2566 2055 2649 magis
2082 2567 2266 2628 silen-

269 2647 370 2718 tio,
396 2651 580 2728 quim
607 2651 918 2712 consulum
965 2649 1229 2732 imperio,
1258 2655 1321 2710 et
1346 2649 1567 2718 dicere,
1614 2659 1651 2687 ‘⁸
1676 2651 1909 2708 'Actum
1929 2668 2059 2708 esse
2088 2648 2163 2707 de
2192 2647 2267 2707 li-

268 2730 498 2789 bertate
525 2750 632 2792 sua
656 2751 674 2802 ;
713 2751 919 2792 rursus
947 2731 1024 2790 ad
1051 2729 1301 2810 antiqua
1326 2729 1581 2790 reditum
1596 2750 1617 2797 3,
1680 2748 1812 2788 cum
1844 2728 2116 2790 Genucio
2144 2728 2267 2789 una

270 2816 563 2870 mortuam
591 2831 660 2872 ac
690 2811 985 2893 sepultam
1025 2809 1403 2869 tribuniciam
1430 2815 1825 2902 potestatem3
1891 2807 2054 2869 aliud
2082 2827 2265 2890 agen—

269 2886 434 2958 dum,
462 2911 532 2951 ac
563 2890 961 2974 cogitandum,
989 2889 1283 2968 quomodo
1330 2896 1642 2950 resistatur
1670 2887 1961 2948 PatribuS.
2043 2885 2113 2946 ld
2158 2897 2263 2948 auk

269 2973 390 3028 tem
419 2990 601 3031 unum
631 2970 945 3032 consilium
972 2989 1123 3040 esse,
1149 2976 1220 3029 ut
1247 2989 1311 3028 se
1337 2968 1467 3048 ipsa
1494 2969 1679 3048 plebs,
1706 2971 1945 3062 quando
1978 2967 2141 3028 aliud
2170 2965 2263 3038 ni-

269 3044 352 3107 hil
381 3050 587 3111 auxilii
611 3051 842 3120 habeat,
868 3049 1170 3110 defendat.
1253 3049 1521 3122 Quatuor
1546 3057 1607 3110 et
1635 3048 1847 3130 viginti
1886 3048 2129 3108 lic-tores
2156 3067 2263 3127 ap-

270 3148 478 3208 parere
527 3130 888 3200 consulibuS,
916 3139 979 3190 et
1005 3149 1112 3190 eos·
1133 3129 1293 3210 ipsos
1321 3127 1510 3210 plebis
1554 3129 1838 3192 homines.
1919 3125 2090 3186 Nihil
2118 3145 2262 3185 con·

266 3210 572 3290 tomptiuS,
595 3231 794 3290 neque
818 3197 1131 3280 infirmiuS,
1159 3209 1211 3268 si
1258 3203 1397 3278 sint,
1424 3208 1528 3289 qui
1576 3211 1975 3270 contemnant.
2137 3203 2264 3265 Sibi

269 3307 567 3372 quemque
593 3312 666 3353 ea
692 3311 905 3374 magna
947 3297 1126 3370 atque
1171 3288 1465 3356 horrenda
1507 3286 1771 3352 facere&
1855 3286 1969 3346 His
2016 3284 2262 3344 vocibus
2344 3319 2355 3324 ⁸

269 3369 370 3432 alii
387 3370 537 3432 alios
562 3392 745 3452 quum
771 3371 1146 3438 incitassent,
1173 3369 1248 3429 ad
1279 3369 1633 3430 Voleronem
1660 3364 2001 3432 Publilium,
2029 3362 2105 3423 de
2133 3366 2263 3446 ple·

270 3451 340 3509 be
365 3449 684 3524 hominem,
703 3451 868 3530 quia,
895 3451 1055 3531 quod
1083 3449 1323 3510 ordines
1372 3449 1657 3518 duxisset,
1704 3449 1966 3524 negaret,
1994 3463 2059 3504 se
2104 3441 2263 3513 mili-

273 3534 390 3589 tem
420 3531 550 3593 fleri
578 3533 812 3602 debere,
839 3530 1016 3591 lictor
1045 3529 1259 3590 missus
1289 3535 1380 3590 est
1414 3529 1447 3587 a
1476 3525 1831 3588 consulibus.
1910 3523 2130 3584 Volero
2155 3537 2263 3603 ap·

245 3611 456 3691 pellat
481 3613 768 3684 tribunos.
847 3611 1046 3688 Quum
1071 3609 1295 3673 auxilio
1314 3627 1495 3678 nemo
1530 3612 1711 3678 esset,
1738 3604 2014 3666 consules
2039 3602 2268 3684 spolia·-
