2400 4109
228 0 271 12 v

423 92 432 101 ⁸
510 97 531 128 f

171 143 298 202 sm,
517 143 522 152 ·
963 85 988 230 ἰ
1023 138 1103 200 Τ.
1129 137 1373 220 mvn

176 296 664 366 decernentibus,
690 295 915 360 tribuni
941 297 1129 379 plebis
1156 295 1614 359 intercedebant
1639 313 1658 366 3
1698 291 1808 358 sed
1835 311 1907 354 ea
1932 297 2191 357 conten-

178 379 264 440 tio
317 397 394 440 ex
444 375 770 439 certamine
799 377 914 438 alio
941 379 1241 458 pendebat
1269 398 1287 448 3
1328 377 1491 457 quod
1520 395 1665 436 cura
1708 371 2039 456 incesserat
2064 375 2188 434 Pa-

177 464 324 526 tres,
339 519 356 532 ,s
373 475 452 519 ne
473 462 638 533 metu
667 457 1070 536 quaestionum
1096 456 1267 538 plebs
1294 457 1502 537 iraque
1529 455 1795 517 tribunos
1823 453 2079 514 militum
2106 473 2189 513 ex

177 537 353 620 plebe
383 542 653 598 crearet:
701 538 1143 616 tendebantque
1172 543 1405 598 summa
1433 557 1565 618 ope,
1617 541 1687 596 ut
1713 534 1989 596 consules
2015 552 2189 594 crea-

177 623 405 677 rentur.
503 614 699 692 Quum
743 617 1330 683 senatusconsultum
1383 616 1515 677 fieri
1567 615 1788 678 tribuni
1826 613 2018 690 Dlebis
2057 632 2185 672 non

173 701 552 777 paterentur,
604 697 784 757 iidem
824 695 1273 758 intercederent
1304 697 1723 758 consularibus
1765 692 2037 764 comitiis,
2082 711 2185 754 res

51 847 59 856 ο
177 777 257 842 ad
285 776 691 858 interregnum
716 775 899 836 rediit
927 797 946 846 3
985 777 1241 838 victoria
1263 776 1484 838 deinde
1510 791 1665 857 pene
1691 777 1901 836 Patres
1928 773 2063 842 fuit.
2228 846 2235 850 ¹

153 863 164 900 ῑ
257 857 366 916 LI.
409 857 482 930 Q.
533 855 713 916 Fabio
742 855 1042 918 Vibulano
1082 861 1383 938 interrege
1426 855 1665 918 comitia
1700 855 1977 924 habente,
2034 872 2181 914 con-

177 937 343 998 sules
389 935 575 997 creati
602 941 746 996 sunt
773 937 852 998 A.
877 936 1194 997 Cornelius
1225 937 1469 1006 Cossus,
1522 937 1597 996 L.
1640 935 1857 996 Furius
1885 933 2184 994 Medulli-

178 1035 314 1076 nus.
395 1014 512 1074 His
541 1016 884 1077 consulibus
911 1016 1202 1108 principio
1245 1015 1388 1076 anni
1428 1015 2015 1078 senatusconsultum
2054 1013 2183 1072 sac·
2276 1051 2283 1056 -

176 1103 304 1156 tum
335 1099 446 1164 est,
499 1101 570 1154 ut
597 1095 672 1156 de
719 1102 1049 1174 quaestlone
1077 1096 1483 1164 Postumianae
1530 1095 1717 1158 caedis
1742 1093 1965 1156 tribuni
2018 1092 2186 1154 'rimo

179 1195 416 1256 quoque
444 1180 712 1257 ternpore
767 1175 842 1236 ad
925 1176 1118 1238 lebem
1158 1175 1434 1248 ferrent3
1474 1175 1799 1256 plebesque
1840 1195 1965 1255 prae
2015 1179 2186 1236 ceret

175 1254 520 1348 quaestioni,
569 1273 746 1334 quem
790 1255 884 1314 vel
912 1262 990 1315 et.
1026 1291 1029 1294 -
1073 1259 1132 1316 A
1174 1255 1349 1336 plebe
1378 1275 1671 1316 consensu
1720 1253 1922 1336 populi
1963 1271 2186 1314 consu-

178 1335 339 1396 libus
395 1334 696 1416 negotium
725 1334 1045 1402 mandatur
1074 1354 1091 1404 ς
1133 1333 1257 1414 qui,
1304 1355 1535 1410 summa
1562 1334 1966 1396 moderatione
1992 1353 2063 1393 ac
2089 1329 2184 1394 le-

179 1415 372 1476 nitate
424 1435 533 1496 per
572 1433 892 1494 paucorum
934 1414 1313 1506 supplicium,
1361 1435 1511 1493 quos
1552 1415 1785 1497 sibimet
1829 1413 1989 1494 ipsos
2038 1431 2186 1480 con-

179 1495 368 1555 scisse
395 1500 646 1555 mortem
675 1493 839 1564 satis
872 1494 1166 1554 creditum
1216 1501 1327 1565 est,
1374 1497 1683 1556 transacta
1724 1514 1810 1563 re,
1856 1491 2185 1571 nequivere

126 1635 145 1667 7
181 1581 385 1636 tamen
413 1572 728 1653 consequi,
759 1580 832 1645 ut
857 1595 975 1634 non
1021 1573 1327 1658 aegerrime
1373 1574 1436 1634 id
1463 1575 1630 1655 plebs
1655 1573 1841 1634 ferret
1867 1593 1887 1644 3
1926 1573 2191 1652 “jacere

113 1674 127 1734 :¹
181 1653 413 1716 tamdiu
437 1654 636 1715 irritas
660 1654 1019 1725 sanctioneS,
1058 1657 1204 1735 quse
1228 1653 1305 1717 de
1332 1654 1456 1714 suis
1484 1653 1807 1734 commodis
1842 1653 2185 1720 ferrentur:

111 1743 118 1796 ἕ
181 1754 367 1812 quum
393 1732 633 1794 interim
661 1735 738 1794 de
767 1735 1054 1816 sanguine
1081 1741 1143 1796 et
1169 1753 1239 1795 su
1282 1733 1466 1816 plicio
1492 1733 1802 1802 suo‘Iatam
1820 1733 2015 1815 legem
2036 1751 2185 1792 con-

183 1812 384 1874 festim
413 1812 697 1881 exerceri,
749 1819 811 1874 et
837 1819 1067 1874 tantam
1093 1814 1215 1874 vim
1282 1816 1522 1876 abere.”
1604 1812 2001 1895 Aptissimum
2026 1817 2188 1872 tem-

226 1911 296 1951 us
325 1897 472 1960 erat,
499 1891 820 1952 vindicatis
850 1893 1257 1962 seditionibus,
1304 1893 1775 1954 delenimentum
1816 1890 2030 1954 animis
2057 1891 2187 1951 Bo-

182 1913 316 2033 Pani-
357 1970 483 2052 agri
512 1970 862 2052 divisionem
891 1971 1065 2052 objici
1095 1991 1112 2030 ε
1153 1992 1273 2052 quo
1324 1972 1487 2034 facto
1514 1973 1873 2035 minuissent
1898 1971 2193 2032 desideri-

110 2047 114 2056 '
185 2072 286 2110 um
315 2049 564 2132 agrariae
617 2050 785 2133 legiS,
838 2072 975 2131 quae
1003 2071 1278 2132 possesso
1297 2073 1411 2146 per
1436 2052 1718 2133 injuriam
1771 2073 1915 2134 agro
1941 2051 2186 2131 publico

188 2132 400 2191 Patres
427 2130 702 2210 pellebat.
781 2131 960 2191 Tunc
980 2131 1113 2192 haec
1139 2132 1273 2224 ipsa
1296 2131 1620 2214 indignitas
1648 2131 2181 2214 angebat,anim03,

183 2231 308 2286 non
329 2209 392 2272 in
419 2209 747 2282 retinendis
775 2211 951 2274 modo
975 2211 1231 2292 publicis
1258 2211 1431 2294 agris,
1472 2233 1621 2292 quos
1666 2213 1728 2273 vi
1754 2217 2005 2282 teneret,
2046 2231 2188 2292 per-

187 2291 450 2352 tinacem
498 2291 869 2350 nobilitatem
911 2311 1082 2362 esse3
1125 2292 1232 2352 sed
1278 2312 1356 2352 ne
1402 2312 1658 2354 vacuum
1685 2291 1925 2372 quidem
1956 2309 2185 2382 agrum,

103 2387 110 2402 ‘
178 2389 383 2451 ‚nuper
409 2389 482 2430 ex
507 2369 772 2430 hostibus
798 2377 1059 2452 captum,
1152 2371 1274 2432 lebi
1314 2371 1625 2444 dividere3
1665 2391 1801 2432 mox
1841 2391 2067 2456 paucis«,
2112 2377 2191 2432 ut

189 2456 411 2518 cetera,
451 2447 720 2511 futurum
763 2450 1026 2529 praedae„
1142 2449 1316 2512 odem
1364 2470 1521 2522 anno
1568 2451 1854 2512 adversus
1908 2450 2189 2520 Volscos»,

188 2551 266 2611 po
309 2530 540 2589 ulantes
585 2529 981 2590 Hernicorum
1017 2528 1192 2600 fineS‚
1246 2529 1510 2612 legiones
1538 2532 1739 2596 ductae
1767 2532 1803 2592 εἴ
1830 2529 2009 2591 Furio
2037 2549 2188 2590 con-

187 2630 259 2670 su
289 2629 342 2676 e,
394 2627 576 2686 quum
629 2609 857 2668 hostem
898 2608 980 2668 ibi
1024 2628 1139 2668 non
1169 2611 1561 2681 invenissent,
1608 2611 2012 2681 Ferentinum,
2060 2609 2191 2688 quo

154 2755 158 2762 ,
189 2707 404 2768 magna
429 2686 751 2747 multitudo
789 2687 1142 2748 Volscorum
1185 2708 1253 2748 se
1294 2690 1650 2758 contulerat,
1693 2711 1946 2784 cepere3
1985 2688 2189 2749 minus

187 2766 438 2850 praedae,
499 2766 680 2844 quam
733 2772 1132 2846 speraverant,
1184 2767 1347 2828 fuitz
1387 2769 1552 2848 quud
1591 2770 1817 2840 Volsci,
1868 2776 2188 2852 postquam

191 2868 326 2930 spes
354 2845 588 2906 tuendi·
607 2841 820 2928 exigua
845 2850 992 2915 erat,
1021 2846 1268 2908 s‘ublatis
1295 2850 1488 2918 rebus,
1530 2855 1706 2912 nocte
1733 2850 2015 2931 oppidum
2039 2848 2189 2908 reli-

185 2932 484 3065 φιθωᾶιῒς
511 2932 744 3067 Ρὲεξετο
772 2926 870 2988 die
895 2927 1076 3009 prope
1097 2927 1397 2990 desertum
1417 2928 1676 3010 capitur.
1746 2929 2029 2991 Hernicis
2052 2927 2191 3008 ipse

191 3030 228 3070 a
269 3029 334 3068 er
401 3025 514 3066 ono
585 3027 620 3066 a
648 3026 738 3068 us.

227 3030 412 3148 gLII.
451 3088 698 3146 Annum
740 3085 1030 3148 modestia
1068 3085 1459 3150 tribunorum·>
1480 3088 1749 3168 quietum
1798 3087 2035 3170 excepit
2074 3085 2190 3148 tri-

183 3169 362 3230 bunis
389 3164 578 3246 plebis
626 3167 709 3225 L.·
727 3164 954 3236 Icilius,
981 3167 1053 3240 Q.
1081 3167 1265 3229 Fabio
1292 3170 1603 3238 Ambusto,
1632 3169 1705 3230 C.
1747 3169 1927 3230 Furio
1975 3167 2189 3228 Pacilo
2266 3193 2271 3230 1

189 3246 552 3310 consulibus·
631 3247 694 3305 Is
747 3265 932 3324 quum
955 3245 1249 3326 principio
1294 3247 1495 3309 statim
1524 3246 1683 3318 anni,
1735 3249 1905 3308 velut
1926 3267 2188 3330 pensum

157 3324 444 3388 -nominis
471 3324 851 3401 familiaeque,
899 3324 1224 3387 seditiones
1252 3327 1496 3408 agrariis
1536 3328 1763 3409 legibus
1802 3328 2189 3409 promulgan-

189 3407 283 3466 dis
311 3406 497 3464 cieret
524 3425 543 3474 ;
583 3404 927 3484 pestilentia
954 3410 1169 3474 coorta,
1214 3405 1499 3467 minacior
1548 3413 1747 3468 tamen
1774 3408 1953 3487 quam
1982 3405 2191 3488 perni-

191 3483 418 3550 ciosior,
462 3483 846 3564 cogitationes
889 3483 1193 3544 hominum
1240 3487 1275 3545 εἴ
1299 3487 1424 3546 soro
1452 3487 1991 3566 certaminibusque
2030 3489 2191 3566 pub·

183 3559 318 3648 licis
339 3562 416 3620 ad
456 3562 697 3622 domum
730 3583 1056 3643 >curamque
1083 3583 1391 3646 corporum
1417 3566 1897 3629 nutriendorumt
1918 3565 2146 3626 avertit
2169 3585 2194 3638 ς
2372 3567 2374 3644 l

187 3651 501 3724 *mnusque
529 3660 658 3700 eam
707 3643 1052 3704 damnosam
1094 3643 1301 3715 fuisse,
1354 3665 1531 3724 quam
1576 3645 1792 3707 'seditio
1820 3643 2022 3704 futura
2047 3643 2209 3704 fue-'
2372 3649 2374 3720 j

187 3718 283 3776 ut,
322 3713 596 3810 credunt.
677 3721 987 3802 Defuncto.
1031 3722 1277 3786 civitate
1324 3725 1713 3806 plurimorum
1759 3721 1999 3793 morbis,
2043 3743 2194 3806 per-
