2400 4109
169 157 290 212 250
1000 149 1081 210 T.
1107 149 1323 210 LIVII

171 308 384 370 Gallos
436 314 728 389 petentes.
831 307 986 368 Eam
1033 315 1270 390 gentem
1322 306 1585 369 traditur
1628 307 1808 375 fama,
1852 303 2195 366 dulcedine

170 388 408 468 frugum
435 388 805 466 maximeque
845 379 992 454 vini,
1033 395 1187 446 nova
1228 395 1354 447 tum
1382 389 1709 469 voluptate,
1748 392 2003 464 captam,
2044 385 2168 444 Al-

171 488 278 547 pes
304 467 608 536 transisse,
725 483 934 544 rosque
961 470 1034 526 ab
1061 467 1335 526 Etruscis
1382 468 1523 528 ante
1572 467 1767 527 cultos
1793 464 2131 544 possedisse
2164 480 2185 517 =

161 554 236 606 et
259 547 561 607 invexisse
587 547 652 606 in
729 547 931 622 alliam
953 547 1161 606 vinum
1185 547 1513 607 illiciendae
1543 545 1737 626 gentis
1763 551 1943 605 causa
1969 547 2185 603 Arun-

168 631 294 685 tem
321 626 660 696 Clusinum,
700 627 790 685 ira
822 635 1113 706 corruptae
1141 627 1342 686 uxoris
1372 630 1443 688 ab
1472 628 1841 694 Lucumone,
1868 624 1969 684 cui
2008 629 2189 683 tutor

169 704 224 763 is
250 705 620 786 fuerat'ipse,
665 710 1033 786 praepotente
1082 709 1324 786 juvene,
1366 711 1430 765 et
1475 707 1508 764 ἐ
1550 725 1669 783 quo
1716 705 1919 785 expeti
1954 723 2215 782 poenae,

153 784 289 861 ‚nisi
315 791 563 846 externa
599 785 692 845 vis
717 784 978 862 quaesita
1004 792 1181 854 esset,
1210 785 1537 863 nequirent
1563 806 1582 854 3
1620 785 1782 844 hunc
1808 781 2184 844 transeunti-

171 866 283 924 bus
313 865 501 944 Alpes
527 866 758 932 ducem,
787 870 1211 944 auctoremque
1242 865 1515 924 Clusium
1544 863 1926 944 oppugnandi
1970 861 2184 922 fuisse.

173 944 470 1021 Equidem
495 943 656 1003 haud
704 946 896 1004 abnue
925 945 1056 1015 rim,
1099 944 1371 1004 Clusium
1420 944 1630 1002 Gallos
1654 946 1731 1008 ab
1785 945 2039 1010 Arunte,
2070 961 2183 1000 seu

169 1042 293 1101 quo
341 1024 462 1082 alio
513 1023 784 1092 Clusino,
831 1023 1163 1083 adductosz
1228 1023 1335 1083 sed
1380 1043 1499 1090 eoS,
1548 1023 1654 1101 qui
1701 1021 2185 1102 oppugnaverint

174 1102 468 1170 Clusium,
493 1122 613 1164 non
655 1101 861 1172 fuisse,
903 1103 1007 1182 qui
1033 1103 1212 1195 primi
1241 1104 1430 1183 Alpes
1458 1102 1826 1170 transierint,
1854 1101 2002 1160 satis
2032 1121 2195 1161 con-·
2272 1141 2287 1152 ‚

169 1187 336 1250 stat3
377 1182 654 1242 ducentis
684 1181 904 1262 quippe
931 1202 1102 1242 annis
1129 1184 1287 1251 ante,
1336 1183 1514 1260 quam
1572 1181 1844 1241 Clusium
1874 1200 2180 1260 oppugna-

171 1266 329 1330 rent,
349 1265 675 1340 urbemque
701 1263 949 1321 Romam
977 1268 1278 1341 caperent,
1324 1261 1388 1320 in
1412 1261 1644 1320 Italiam
1674 1260 1838 1320 Galli
1860 1267 2179 1320 transcen-

171 1339 399 1401 derunt
425 1361 444 1400 ε
485 1361 596 1400 nec
639 1361 772 1400 cum
825 1340 920 1400 his
946 1342 1202 1420 primum
1234 1343 1639 1410 Etruscorum,
1688 1340 1796 1399 sed
1824 1341 2009 1398 multo
2036 1339 2181 1399 ante
2229 1387 2238 1395 .

175 1439 312 1478 cum
337 1418 432 1490 iis,
458 1421 564 1499 qui
589 1421 746 1479 inter
770 1420 1152 1499 Apenninum
1177 1421 1485 1502 Alpesque
1510 1420 1871 1488 incolebant,
1889 1435 2050 1499 s‘aepe
2069 1438 2176 1478 ex-

171 1497 396 1560 ercitus
425 1499 648 1560 Gallici
688 1519 1046 1579 pugnavere.
1127 1501 1466 1560 Tuscorum
1514 1506 1653 1560 ante
1682 1500 2012 1559 Romanum
2062 1498 2179 1558 im-

173 1577 406 1660 perium
433 1579 554 1640 late
578 1585 735 1640 terra
767 1580 1032 1659 marique
1061 1601 1204 1660 opes
1232 1587 1517 1661 patuere;
1545 1578 1693 1639 mari
1710 1596 1925 1658 supero
1952 1577 2178 1637 infero·

173 1677 314 1749 que,
364 1660 579 1737 quibus
633 1659 812 1719 Italia
835 1659 1046 1719 insulae
1093 1662 1271 1720 modo
1301 1660 1575 1741 cingitur,
1623 1665 1911 1737 quantum
1954 1663 2179 1737 ,potue-

173 1744 316 1806 nnt,
367 1737 605 1798 nomina
631 1745 774 1798 sunt
815 1747 1201 1819 argument03
1230 1739 1389 1818 quod
1430 1739 1688 1799 alterum
1716 1738 1987 1796 Tuscum
2014 1757 2176 1796 com-

175 1817 344 1875 muni
387 1818 675 1877 vocabulo
699 1819 912 1898 gentiS,
940 1819 1192 1879 alterum
1239 1818 1659 1878 Hadriaticum
1697 1837 1881 1886 mare,
1924 1819 1997 1876 ab
2039 1817 2173 1876 Ha-

175 1895 308 1956 dria
335 1897 668 1956 Tuscorum
698 1896 947 1965 colonia,
971 1917 1276 1976 ¹vocavere
1305 1899 1539 1958 Italicae
1564 1904 1794 1978 gentes.
1837 1895 2035 1977 Graeci
2077 1916 2176 1955 ea-

174 1975 314 2034 dem
342 1976 722 2057 Tyrrhenum
745 1983 926 2055 atque
951 1977 1367 2038 Hadriaticum
1388 1983 1623 2036 vocant.
1687 1977 1741 2035 Ii
1768 1976 1831 2034 in
1853 1978 2176 2053 utrumque

175 2074 340 2115 mare
366 2065 680 2137 vergentes
706 2056 1016 2118 incoluere
1041 2056 1285 2116 urbibus
1312 2055 1603 2116 duodenis
1630 2062 1823 2118 terras
1848 2054 2059 2134 :prius
2088 2053 2177 2114 cis

176 2133 622 2215 Appenninum,
670 2135 748 2196 ad
789 2136 1048 2202 inferum
1075 2157 1259 2207 mare,
1302 2144 1506 2218 postea
1532 2142 1697 2195 trans
1727 2133 2176 2214 Appenninum,

139 2215 447 2283 't'otidem,
501 2221 646 2296 quot
700 2215 895 2308 capita
943 2215 1183 2297 originis
1212 2221 1402 2287 erant,
1464 2215 1711 2274 coloniis
1755 2213 1994 2272 missis:
2036 2233 2175 2293 quae

176 2297 344 2353 trans
373 2295 603 2353 Padum
647 2297 843 2354 omnia
890 2297 1042 2366 loca,
1089 2303 1339 2376 excepto
1382 2295 1743 2355 Venetorum
1787 2293 2023 2374 angulo,
2072 2293 2177 2371 qui

177 2372 372 2432 sinum
396 2373 826 2434 circumcolunt
853 2375 1050 2445 mariS,
1094 2395 1285 2454 usque
1326 2376 1403 2435 ad
1434 2375 1624 2454 Alpes
1650 2381 1918 2434 tenuere.
2002 2371 2179 2452 Alpi-

177 2452 272 2511 nis
299 2472 537 2532 quoque
565 2473 637 2512 ea
663 2453 937 2534 gentibus
981 2455 1142 2515 haud
1181 2455 1358 2514 dubie
1388 2455 1471 2515 ori
1512 2476 1547 2514 o
1590 2460 1701 2523 est,
1747 2451 2002 2512 maxime
2029 2453 2177 2512 Rae-

167 2531 304 2590 fis:
347 2552 496 2609 quos
524 2533 660 2592 loca
699 2533 832 2613 ipsa
860 2535 1200 2604 efferarunt,
1249 2556 1327 2595 ne
1354 2477 1512 2613 qui}
1550 2553 1625 2594 ex
1664 2532 1931 2612 antiquo,
1960 2536 2178 2612 praeter

174 2629 387 2670 >sonum
410 2609 493 2669 lin
539 2631 651 2680 uae,
679 2633 794 2672 nec
821 2633 956 2673 eum
977 2615 1402 2695 incorruptum,
1424 2614 1769 2674 retinerent.

257 2632 541 2748 XXXIX}
587 2692 677 2749 De
703 2693 961 2752 transitu
1011 2691 1074 2750 in
1104 2694 1345 2753 Italiam
1398 2693 1709 2752 Gallorum
1760 2693 1895 2753 haec
1939 2691 2180 2772 accepi-

175 2787 329 2828 mus.
413 2767 616 2830 Brisco
642 2771 977 2850 Tarquinio
1032 2773 1240 2833 Romoe
1286 2780 1593 2854 regnante,
1647 2773 1975 2850 Celtarum,
2028 2792 2171 2849 quae

173 2867 313 2940 pars
342 2848 542 2909 Gallia
579 2851 760 2912 tertia
788 2858 1108 2933 est,.penes
1153 2851 1710 2934 Biturigessumma
1738 2851 1970 2931 imperii
2012 2851 2133 2910 fuit
2160 2873 2179 2922 3

175 2928 220 2987 ii
242 2947 434 3009 regem
467 2929 702 2990 Celtico
730 2932 968 2992 dabant.
1048 2933 1405 3014 Ambigatus
1433 2934 1485 2992 is
1504 2931 1639 3002 fuit,
1662 2933 1885 2991 virtute
1902 2931 2179 2990 fortuna·
2209 2967 2213 2969 >

175 3028 296 3086 que
338 3029 520 3088 quum
549 3017 677 3079 sua,
717 3017 842 3071 tum
868 3013 1128 3091 publica,
1169 3013 1548 3092 praepollenS‚
1589 3012 1751 3090 qued
1773 3010 2019 3091 imperio
2048 3012 2179 3089 ejus

176 3088 382 3148 Gallia
409 3089 557 3150 adeo
598 3090 832 3172 frugum
859 3092 1281 3170 hominumque
1321 3091 1535 3152 fertilis
1562 3092 1695 3160 fuit,
1744 3098 1813 3150 ut
1865 3091 2179 3150 abundans
2212 3131 2215 3136 -

175 3168 498 3228 multitudo
537 3169 636 3228 vix
677 3171 820 3251 regis
847 3170 1149 3231 videret-ur
1176 3193 1369 3253 posse.
1448 3170 1568 3230 Hic
1597 3191 1810 3252 magno
1858 3177 2005 3230 natu
2048 3169 2179 3252 ipse

167 3247 316 3324 jam,
345 3269 663 3309 exonerare
689 3258 1101 3330 praegravante
1118 3255 1305 3311 'turba
1333 3272 1576 3332 regnum
1598 3251 1864 3332 cupiens,
1892 3250 2177 3310 Bellove-

177 3343 308 3384 sum
351 3329 814 3409 acSigovesum‚
863 3331 1074 3390 sororis
1102 3331 1275 3400 filios,
1328 3331 1606 3412 impigros
1641 3333 1916 3411 juvenes,
1957 3329 2177 3390 missu-

178 3418 306 3460 rum
339 3425 401 3464 se
429 3427 580 3478 esse,
637 3408 696 3469 in
767 3430 875 3469 uas
903 3409 1003 3470 Dii
1031 3411 1340 3472 dedissent
1384 3409 1642 3492 auguriis
1671 3411 1863 3479 sedes,
1891 3409 2177 3471 ostendit.

178 3479 480 3548 Quantum
504 3487 618 3567 ips'i
649 3430 873 3549 vellent
899 3491 1204 3567 numerum
1252 3491 1573 3560 hominum,
1592 3545 1595 3550 .
1616 3490 1903 3560 excirent,
1948 3509 2025 3550 ne
2054 3510 2177 3568 qua

175 3567 961 3645 gensarcereadvenientes
983 3576 1201 3650 posset.
1250 3598 1255 3604 κ
1282 3571 1441 3630 Tum
1472 3571 1751 3652 Sigoveso
1778 3571 2037 3629 sortibus
2066 3569 2175 3630 da-

181 3634 228 3713 t}
259 3633 546 3724 Hercynii
575 3645 802 3729 saltus}
845 3650 1160 3709 Belloveso
1187 3649 1347 3710 haud
1382 3645 1584 3729 paullo
1630 3649 1924 3723 laetiorem
1951 3647 2014 3708 in
2046 3649 2175 3710 Ita-

181 3701 320 3772 hff-*m
349 3733 500 3818 Ῡῑᾶω
531 3723 634 3790 Dii
655 3725 889 3795 dabant.
959 3729 1054 3804 -1s,
1076 3730 1237 3814 quod
1278 3732 1406 3814 ejus
1434 3750 1509 3792 ex
1554 3729 1789 3814 populis
1810 3728 2173 3818 abundabat,

253 4037 396 4058 η
515 4060 517 4062 q
