2400 4109
880 163 885 193 ι
977 148 1239 238 Lmen
1255 150 1333 212 r.

153 325 232 369 ne
259 307 515 369 nuncius
541 306 784 388 quidem
810 305 1000 368 cladis
1019 305 1287 370 relictus.
1366 308 1661 381 Dictator,
1699 324 2016 392 recuperat

265 389 421 449 tibus
449 388 660 469 patria,
711 386 1080 480 triumphans
1120 387 1184 448 in
1212 390 1416 449 urbem
1448 389 1601 450 redit
1630 410 1646 449 ε
1686 388 1960 468 interque
1992 396 2016 468 j

152 473 464 538 m1.1tareS‚
491 487 640 547 quos
665 466 1003 528 inconditos
1021 466 1277 546 jaciunt,
1303 469 1595 529 Romulus
1657 489 1692 530 c
1716 492 1928 548 parens
1952 496 2024 552 pa

153 546 549 639 conditorque
576 547 729 607 alter
753 545 916 606 urbis
941 546 1100 606 haud
1127 546 1299 607 vanis
1324 546 1602 613 laudibus
1667 552 1980 629 ppeiititur..
2024 592 2040 608 t

152 633 356 688 vatam
377 626 596 688 demde
623 627 780 685 bello
827 625 1081 707 patriam
1108 625 1327 686 iterum
1352 610 1418 688 Β
1457 648 1607 708 pace
1630 629 1788 689 haud
1820 632 1992 688 dubi&
2040 629 2165 688 ser-

151 707 341 776 vavit,
367 726 551 786 quum
572 705 869 786 prohibuit
890 705 1128 786 migrari
1149 706 1355 785 V'ejos,
1396 713 1461 768 et
1484 707 1738 768 tribunis
1761 729 1889 769 rem
1913 709 2164 770 intenti-

155 789 232 847 us
260 785 572 867 agentibus
599 790 734 877 post
757 784 1068 846 incensam
1096 786 1321 855 urbem,
1374 792 1437 845 et
1460 806 1567 866 per
1703 786 1993 848 inclinata
2038 807 2166 849 ma·

152 866 248 948 gis
289 867 462 946 plebe
488 863 566 927 ad
605 863 669 922 1d
698 862 1011 924 consilium
1039 883 1060 934 3
1101 883 1292 942 eaque
1319 883 1500 924 causa
1523 865 1607 925 fu'
1707 886 1783 927 on
1810 866 2162 928 abdicandae

149 951 295 1026 post
319 942 680 1024 triumphum
707 943 1044 1010 dictaturae,
1073 948 1285 1003 senatu
1312 945 1678 1016 obsecrante,
1705 965 1801 1019 ane
1842 947 2166 1026 rempubli-

153 1025 376 1085 camin
400 1023 631 1083 incerto
658 1021 1024 1100 relinqueret
1050 1026 1231 1097 statu.
1267 1031 1270 1041 ¹
2285 1031 2289 1035 ’

236 1104 313 1165 L.
353 1102 631 1163 Omnium
682 1101 959 1182 primum,
1005 1107 1077 1160 ut
1115 1106 1246 1160 erat
1284 1099 1773 1181 diligentissimus
1812 1105 2164 1188 religionum

140 1183 370 1253 cultor,
386 1201 524 1263 quae
553 1181 632 1241 ad
659 1183 820 1242 Deos
859 1179 1224 1258 immortales
1251 1181 1645 1258 pertinebant,
1684 1183 1931 1254 retulit3
1971 1191 2035 1245 et
2072 1206 2167 1247 se·-

100 1261 676 1364 fflatusconsultum
705 1259 871 1328 facit,
897 1270 933 1296 ‘⁸
949 1259 1114 1318 Fana
1129 1258 1355 1329 omnia,
1377 1260 1639 1338 quodeea
1661 1261 1850 1322 hostis
1865 1264 2166 1342 possedis-

153 1348 271 1412 set,
298 1341 678 1405 restituerent
787 1338 1271 1408 terminarentur,
1319 1338 1837 1420 expiarenturffiue,
1877 1343 2167 1424 expiatio·

151 1441 279 1500 que
321 1441 523 1482 eorum
565 1418 632 1478 in
658 1357 823 1478 lssjs
847 1437 957 1498 per
983 1417 1329 1477 duumviros
1356 1427 1743 1518 quaereretur.
1824 1421 1982 1480 Cum
2023 1423 2173 1484 Cae-³

153 1501 386 1561 retibus
431 1498 747 1580 hospitium
786 1497 1022 1576 publice
1049 1497 1241 1565 fieret,
1294 1496 1457 1588 quod
1484 1517 1653 1561 saera
1680 1501 1883 1579 populi
1911 1501 2166 1562 Romani

153 1600 234 1641 ac
283 1578 624 1641 sacerdotes
651 1575 1039 1656 recepissent,
1079 1576 1488 1714 ben'effiioque
1516 1580 1645 1657 ejus
1788 1579 2034 1640 uli-non
2074 1581 2170 1641 in-

150 1660 470 1720 termissus
515 1658 700 1718 honos
763 1655 960 1714 Defim
1010 1653 1189 1714 immo
1308 1674 1431 1730 nim
1496 1662 1697 1716 essett
1762 1657 1866 1740 udi
1918 1658 2167 1740 Capito-

153 1737 273 1799 lini
324 1738 558 1806 fierent,
608 1733 772 1815 quod
823 1732 1026 1813 Jupite
1140 1734 1384 1814 ptimus‘*
1414 1735 1710 1796 maximus
1754 1756 1920 1798 suam
1963 1739 2184 1800 sedem!

153 1825 343 1896 atque
370 1836 568 1876 arcem
665 1812 794 1892 puli
814 1814 1067 1872 Romam
1114 1831 1154 1887 n
1182 1833 1249 1872 re
1275 1813 1508 1894 trepida
1534 1820 1765 1875 tutatus
1799 1824 1959 1878 esset
1984 1837 2002 1876 ε
2043 1819 2168 1879 ml·

151 1897 498 1986 legiumque
547 1915 582 1954 a
653 1912 784 1952 eam
809 1912 934 1952 rem
985 1892 1076 1950 M.
1104 1893 1322 1953 Furius
1369 1892 1623 1955 dictator
1650 1895 2039 1958 constitueret
2092 1917 2168 1958 ex

148 1975 252 2044 iis,
280 1974 384 2053 qui
410 1993 473 2032 in
502 1971 797 2052 Capitolio
823 1980 1006 2050 atque
1027 1992 1166 2032 arce
1193 1972 1589 2033 habitarent-’⁹
1629 1975 1724 2034 Ex
1766 1975 1964 2036 iandse
1985 1976 2169 2037 etiam

154 2054 327 2114 vocis
380 2058 710 2120 nocturnae,
763 2070 896 2130 quae
944 2050 1164 2111 nuncia
1212 2050 1399 2111 cladis
1448 2059 1587 2112 ante
1616 2053 1711 2115 bel
1738 2074 1836 2114 um
1867 2055 2169 2116 Gallicum

154 2133 368 2195 audita
413 2151 490 2192 ne
531 2132 809 2208 lectaque
859 2135 1036 2200 esset,
1100 2131 1325 2190 mentio
1393 2129 1581 2200 illata,
1614 2135 1971 2212 Jussumque
2011 2141 2171 2195 tem-

72 2232 79 2236 ’
151 2213 326 2295 plum
355 2212 416 2273 in
509 2231 622 2271 ova
667 2209 764 2270 via
805 2211 924 2290 Ajo
952 2210 1204 2270 Locutio
1252 2209 1402 2269 fieri.
1483 2212 1733 2281 Aurum,
1781 2214 1942 2291 quod
1970 2214 2169 2276 Gallis

157 2299 433 2373 ereptum
462 2298 607 2360 erat,
661 2289 940 2369 quodque
983 2309 1058 2350 ex
1084 2289 1217 2349 aliis
1244 2289 1483 2370 templis
1528 2291 1688 2350 inter
1714 2293 2169 2372 trepidationem

153 2372 226 2432 in
279 2372 444 2432 Jovis
497 2371 713 2430 cellam
751 2369 1054 2438 collatum,
1101 2388 1304 2449 quum,
1350 2369 1413 2427 in
1440 2388 1577 2448 quae
1605 2369 1813 2430 referri
1848 2379 2166 2452 oporteret,

159 2450 414 2512 confusa
441 2449 724 2510 memoria
750 2453 929 2516 esset,
955 2467 1189 2511 sacrum
1218 2467 1391 2508 omne
1408 2447 1541 2527 jud'
1775 2457 1838 2510 et
1864 2455 1973 2511 sub
2004 2452 2138 2513 Jovi

162 2531 318 2591 sella
341 2529 476 2610 poni
509 2530 790 2618 jussum..
844 2529 978 2587 Jam
1009 2529 1164 2621 ‘ante
1191 2527 1254 2587 in
1282 2546 1353 2587 eo
1365 2454 1886 2668 What&
1913 2473 2397 2660 apparu&

163 2617 314 2680 erat,
340 2609 521 2689 quod,
549 2626 732 2686 quum
773 2627 835 2666 m
864 2608 1100 2687 publico
1127 2608 1367 2667 deesset
1556 2627 1633 2675 m,
1680 2627 1755 2668 ex
1782 2629 1901 2686 quo
1938 2629 2168 2672 summa

161 2695 355 2770 pactae
383 2685 677 2748 mercedis
703 2686 894 2746 Gallis
916 2687 1220 2758 confieret,
1269 2687 1305 2746 εἴ
1330 2685 1615 2747 matronis
1663 2688 1946 2749 collatum
1995 2711 2171 2750 acce-

207 2776 393 2838 erant,
421 2775 490 2828 ut
531 2786 699 2826 sacro
725 2786 870 2826 auro
897 2767 1313 2827 abstineretur.
1392 2764 1690 2826 Matronis
1740 2769 1950 2848 gratiae
1992 2776 2170 2840 actae,

161 2789 468 2927 lionosque
495 2847 754 2915 additus,
789 2851 859 2906 ut
884 2866 1105 2915 earum,
1151 2845 1310 2905 sicut
1327 2845 1607 2914 virorum,
1632 2853 1770 2924 post
1796 2854 2045 2907 mortem
2074 2868 2178 2910 so·⁴

163 2927 366 2987 lenuis
392 2926 654 2986 laudatio
681 2933 858 2985 esset.
899 2925 984 2984 Iis
1012 2924 1293 3006 peractis,
1318 2943 1455 3005 quse
1483 2924 1559 2984 ad
1588 2926 1749 2984 Deos
1772 2927 2173 3006 pertinebant,

165 3024 426 3086 quaeque
447 3024 554 3084 per
574 3008 847 3064 senatum
875 3004 970 3084 agi
990 3010 1265 3144 ΨΜ
1292 3023 1310 3072 ;
1348 3009 1477 3064 tum
1504 3003 1762 3073 demum,
1813 3005 2171 3085 agitantibus

162 3086 422 3146 tribunis
447 3085 676 3164 plebem
706 3084 963 3144 assiduis
1004 3105 1037 3143 c
1153 3080 1406 3152 mnibus,
1448 3088 1536 3152 ut,
1575 3083 1803 3143 relictis
1846 3084 2055 3156 ruinis,
2107 3086 2172 3146 in

163 3167 368 3225 urbem
389 3169 656 3245 paratam
683 3161 866 3242 Vejos
892 3160 1399 3260 transmigrarffint,
1419 3161 1482 3221 in
1506 3163 1871 3232 concionem,
1891 3165 2174 3227 universo

164 3250 377 3306 senatu
406 3249 822 3324 prosequente,
848 3240 1121 3303 escendit
1148 3249 1329 3322 atque
1354 3241 1441 3301 ita
1465 3245 1646 3302 verba
1671 3242 1818 3303 fecit
1845 3263 1862 3301 ε

247 3325 355 3383 LI.
395 3335 431 3360 “
456 3323 627 3382 Adeo
652 3321 795 3381 mihi
824 3323 1054 3384 acerbae
1093 3326 1254 3390 sunt,
1282 3320 1561 3395 QuiriteS,
1592 3323 2005 3383 contentiones
2034 3343 2171 3384 cum

162 3401 421 3464 tribunis
449 3401 657 3482 plebis,
683 3407 753 3460 ut
773 3412 888 3461 'nec
918 3399 1242 3460 tristissimi
1269 3399 1462 3460 exsilii
1489 3400 1768 3462 solatium
1795 3401 1960 3461 aliud
1986 3402 2173 3463 habu·

165 3484 333 3552 erim,
359 3480 558 3560 quoad
600 3479 824 3540 Ardeae
853 3478 993 3549 vixi,
1033 3480 1213 3559 queim
1239 3479 1401 3559 quod
1442 3481 1649 3559 procul
1676 3483 1751 3541 ab
1776 3480 1867 3540 his
1895 3483 2174 3543 certami-

163 3564 338 3624 nibus
393 3581 551 3636 eram
575 3580 592 3618 ε
659 3564 722 3619 et
761 3560 835 3620 ob
872 3558 1081 3619 eadem
1132 3559 1287 3630 haec‚
1348 3577 1489 3627 non,
1549 3558 1599 3619 si
1640 3579 1736 3618 me
1784 3565 2173 3623 senatuscon-

166 3643 325 3703 sulto
350 3638 676 3721 populique
693 3639 866 3718 jussu
893 3638 1271 3709 revocas-etia
1320 3637 1623 3699 rediturus
1650 3659 1911 3719 unquam
1940 3640 2169 3701 fuerim.

164 3722 301 3782 Nec
327 3740 488 3780 nunc
511 3737 624 3786 me,
649 3725 720 3777 ut
745 3716 1016 3787 redirem,
1068 3739 1202 3778 mea
1230 3717 1506 3783 voluntas
1533 3724 1779 3789 mutata,
1826 3720 1934 3781 sed
1973 3723 2170 3777 vestra

169 3801 408 3863 fortuna
429 3795 690 3883 perpulit
716 3816 737 3870 3
775 3797 1015 3880 quippe,
1053 3804 1128 3862 ut
1144 3797 1213 3859 in
1240 3817 1353 3862 sna
1379 3797 1523 3860 sede
1550 3804 1820 3864 maneret
1844 3797 2051 3882 patria.
2101 3792 2164 3851 id

1868 4093 1879 4097 θ
1917 4073 2093 4097 ...n-*m
