<?xml version="1.0" encoding="UTF-8"?>
<!DOCTYPE html PUBLIC "-//W3C//DTD XHTML 1.0 Transitional//EN"
    "http://www.w3.org/TR/xhtml1/DTD/xhtml1-transitional.dtd">
<html xmlns="http://www.w3.org/1999/xhtml" xml:lang="en" lang="en">
 <head>
  <title>
</title>
<meta http-equiv="Content-Type" content="text/html;charset=utf-8" />
  <meta name='ocr-system' content='tesseract 3.04.00' />
  <meta name='ocr-capabilities' content='ocr_page ocr_carea ocr_par ocr_line ocrx_word'/>
</head>
<body>
  <div class='ocr_page' id='page_1' title='image "./titiliviipatavi00livigoog_0258.png"; bbox 0 0 2400 4109; ppageno 0'>
   <div class='ocr_carea' id='block_1_1' title="bbox 185 128 1355 192">
    <p class='ocr_par' dir='ltr' id='par_1_1' title="bbox 185 128 1355 192">
     <span class='ocr_line' id='line_1_1' title="bbox 185 128 1355 192; baseline -0.003 0"><span class='ocrx_word' id='word_1_1' title='bbox 185 134 308 192; x_wconf 72' lang='lat'><strong>224</strong></span> <span class='ocrx_word' id='word_1_2' title='bbox 1032 128 1112 190; x_wconf 79' lang='lat' dir='ltr'><strong>T.</strong></span> <span class='ocrx_word' id='word_1_3' title='bbox 1140 128 1355 190; x_wconf 85' lang='lat' dir='ltr'>LIVII</span> 
     </span>
    </p>
   </div>
   <div class='ocr_carea' id='block_1_2' title="bbox 189 281 2217 2274">
    <p class='ocr_par' dir='ltr' id='par_1_2' title="bbox 189 281 2201 428">
     <span class='ocr_line' id='line_1_2' title="bbox 189 281 2201 368; baseline -0.002 -20"><span class='ocrx_word' id='word_1_4' title='bbox 189 287 295 348; x_wconf 87' lang='lat' dir='ltr'><strong>dia</strong></span> <span class='ocrx_word' id='word_1_5' title='bbox 319 287 418 356; x_wconf 80' lang='lat' dir='ltr'><strong>sit,</strong></span> <span class='ocrx_word' id='word_1_6' title='bbox 471 287 606 368; x_wconf 78' lang='lat' dir='ltr'><strong>quis</strong></span> <span class='ocrx_word' id='word_1_7' title='bbox 658 304 778 347; x_wconf 87' lang='lat' dir='ltr'><strong>non</strong></span> <span class='ocrx_word' id='word_1_8' title='bbox 806 287 1100 368; x_wconf 83' lang='lat' dir='ltr'><strong>spondere</strong></span> <span class='ocrx_word' id='word_1_9' title='bbox 1139 287 1316 357; x_wconf 81' lang='lat' dir='ltr'><strong>ausit,</strong></span> <span class='ocrx_word' id='word_1_10' title='bbox 1368 284 1692 346; x_wconf 87' lang='lat' dir='ltr'><strong>maximum</strong></span> <span class='ocrx_word' id='word_1_11' title='bbox 1739 281 1852 342; x_wconf 82' lang='lat' dir='ltr'><strong>hoc</strong></span> <span class='ocrx_word' id='word_1_12' title='bbox 1878 281 2201 364; x_wconf 74' lang='lat' dir='ltr'><strong>imperium</strong></span> 
     </span>
     <span class='ocr_line' id='line_1_3' title="bbox 193 366 1345 428; baseline -0.003 0"><span class='ocrx_word' id='word_1_13' title='bbox 193 367 355 428; x_wconf 85' lang='lat' dir='ltr'><strong>inter</strong></span> <span class='ocrx_word' id='word_1_14' title='bbox 375 367 656 427; x_wconf 86' lang='lat' dir='ltr'><strong>finitimos</strong></span> <span class='ocrx_word' id='word_1_15' title='bbox 682 369 849 426; x_wconf 86' lang='lat' dir='ltr'><strong>brevi</strong></span> <span class='ocrx_word' id='word_1_16' title='bbox 874 366 1140 427; x_wconf 87' lang='lat' dir='ltr'><strong>futurum</strong></span> <span class='ocrx_word' id='word_1_17' title='bbox 1164 366 1345 426; x_wconf 81' lang='lat' dir='ltr'><strong>esse?</strong></span> 
     </span>
    </p>

    <p class='ocr_par' dir='ltr' id='par_1_3' title="bbox 193 444 2217 2274">
     <span class='ocr_line' id='line_1_4' title="bbox 277 444 2205 526; baseline -0.002 -21"><span class='ocrx_word' id='word_1_18' title='bbox 277 447 387 505; x_wconf 80' lang='lat' dir='ltr'><strong>lv,</strong></span> <span class='ocrx_word' id='word_1_19' title='bbox 427 458 463 483; x_wconf 85' lang='lat'>“</span> <span class='ocrx_word' id='word_1_20' title='bbox 487 450 694 525; x_wconf 80' lang='lat' dir='ltr'><strong>Atque</strong></span> <span class='ocrx_word' id='word_1_21' title='bbox 715 465 844 526; x_wconf 81' lang='lat' dir='ltr'><strong>ego,</strong></span> <span class='ocrx_word' id='word_1_22' title='bbox 861 467 1038 525; x_wconf 89' lang='lat' dir='ltr'><strong>quam</strong></span> <span class='ocrx_word' id='word_1_23' title='bbox 1062 449 1168 505; x_wconf 90' lang='lat' dir='ltr'><strong>hoc</strong></span> <span class='ocrx_word' id='word_1_24' title='bbox 1189 444 1504 504; x_wconf 86' lang='lat' dir='ltr'><strong>consilium</strong></span> <span class='ocrx_word' id='word_1_25' title='bbox 1524 444 1891 524; x_wconf 84' lang='lat' dir='ltr'><strong>collegarum</strong></span> <span class='ocrx_word' id='word_1_26' title='bbox 1912 461 2205 511; x_wconf 86' lang='lat' dir='ltr'><strong>meorum,</strong></span> 
     </span>
     <span class='ocr_line' id='line_1_5' title="bbox 193 524 2205 606; baseline -0.001 -19"><span class='ocrx_word' id='word_1_27' title='bbox 193 547 318 606; x_wconf 90' lang='lat' dir='ltr'><strong>quo</strong></span> <span class='ocrx_word' id='word_1_28' title='bbox 368 526 667 586; x_wconf 87' lang='lat' dir='ltr'><strong>abducere</strong></span> <span class='ocrx_word' id='word_1_29' title='bbox 693 525 918 585; x_wconf 66' lang='lat' dir='ltr'><strong>infecta</strong></span> <span class='ocrx_word' id='word_1_30' title='bbox 944 545 1010 586; x_wconf 89' lang='lat' dir='ltr'><strong>re</strong></span> <span class='ocrx_word' id='word_1_31' title='bbox 1054 526 1089 584; x_wconf 73' lang='grc' dir='ltr'><strong>εἰ</strong></span> <span class='ocrx_word' id='word_1_32' title='bbox 1116 524 1285 604; x_wconf 84' lang='lat' dir='ltr'><strong>Vejis</strong></span> <span class='ocrx_word' id='word_1_33' title='bbox 1312 525 1643 584; x_wconf 83' lang='lat' dir='ltr'><strong>exercitum</strong></span> <span class='ocrx_word' id='word_1_34' title='bbox 1678 525 2021 593; x_wconf 84' lang='lat' dir='ltr'><strong>noluerunt,</strong></span> <span class='ocrx_word' id='word_1_35' title='bbox 2080 542 2205 585; x_wconf 83' lang='lat' dir='ltr'><strong>non</strong></span> 
     </span>
     <span class='ocr_line' id='line_1_6' title="bbox 197 603 2207 684; baseline -0.001 -17"><span class='ocrx_word' id='word_1_36' title='bbox 197 606 345 667; x_wconf 89' lang='lat' dir='ltr'><strong>utile</strong></span> <span class='ocrx_word' id='word_1_37' title='bbox 374 606 585 674; x_wconf 88' lang='lat' dir='ltr'><strong>solum,</strong></span> <span class='ocrx_word' id='word_1_38' title='bbox 615 605 721 666; x_wconf 89' lang='lat' dir='ltr'><strong>sed</strong></span> <span class='ocrx_word' id='word_1_39' title='bbox 749 605 926 666; x_wconf 86' lang='lat' dir='ltr'><strong>etiam</strong></span> <span class='ocrx_word' id='word_1_40' title='bbox 955 604 1359 666; x_wconf 87' lang='lat' dir='ltr'><strong>necessarium</strong></span> <span class='ocrx_word' id='word_1_41' title='bbox 1380 603 1578 672; x_wconf 85' lang='lat' dir='ltr'><strong>fuerit,</strong></span> <span class='ocrx_word' id='word_1_42' title='bbox 1607 609 1743 684; x_wconf 83' lang='lat' dir='ltr'><strong>post</strong></span> <span class='ocrx_word' id='word_1_43' title='bbox 1769 623 1839 662; x_wconf 84' lang='lat' dir='ltr'><strong>ea</strong></span> <span class='ocrx_word' id='word_1_44' title='bbox 1865 603 2160 663; x_wconf 81' lang='lat' dir='ltr'><strong>disseram</strong></span> <span class='ocrx_word' id='word_1_45' title='bbox 2186 623 2207 664; x_wconf 73' lang='lat' dir='ltr'><em>z</em></span> 
     </span>
     <span class='ocr_line' id='line_1_7' title="bbox 199 682 2207 765; baseline -0.001 -20"><span class='ocrx_word' id='word_1_46' title='bbox 199 705 359 746; x_wconf 90' lang='lat' dir='ltr'><strong>nunc</strong></span> <span class='ocrx_word' id='word_1_47' title='bbox 387 685 464 744; x_wconf 90' lang='lat' dir='ltr'><strong>de</strong></span> <span class='ocrx_word' id='word_1_48' title='bbox 506 686 636 765; x_wconf 89' lang='lat' dir='ltr'><strong>ipsa</strong></span> <span class='ocrx_word' id='word_1_49' title='bbox 675 685 1010 744; x_wconf 87' lang='lat' dir='ltr'><strong>conditione</strong></span> <span class='ocrx_word' id='word_1_50' title='bbox 1065 685 1268 744; x_wconf 80' lang='lat' dir='ltr'><strong>dicere</strong></span> <span class='ocrx_word' id='word_1_51' title='bbox 1322 683 1709 746; x_wconf 80' lang='lat' dir='ltr'><strong>militantium</strong></span> <span class='ocrx_word' id='word_1_52' title='bbox 1761 682 1925 742; x_wconf 72' lang='lat' dir='ltr'><strong>libet.</strong></span> <span class='ocrx_word' id='word_1_53' title='bbox 2006 683 2207 757; x_wconf 87' lang='lat' dir='ltr'><strong>Quam</strong></span> 
     </span>
     <span class='ocr_line' id='line_1_8' title="bbox 200 762 2207 843; baseline -0.001 -18"><span class='ocrx_word' id='word_1_54' title='bbox 200 764 544 832; x_wconf 82' lang='lat' dir='ltr'><strong>orationem,</strong></span> <span class='ocrx_word' id='word_1_55' title='bbox 575 785 692 824; x_wconf 91' lang='lat' dir='ltr'><strong>non</strong></span> <span class='ocrx_word' id='word_1_56' title='bbox 733 763 893 843; x_wconf 86' lang='lat' dir='ltr'><strong>apud</strong></span> <span class='ocrx_word' id='word_1_57' title='bbox 921 785 1028 823; x_wconf 84' lang='lat' dir='ltr'><strong>vos</strong></span> <span class='ocrx_word' id='word_1_58' title='bbox 1057 765 1269 834; x_wconf 87' lang='lat' dir='ltr'><strong>solum,</strong></span> <span class='ocrx_word' id='word_1_59' title='bbox 1312 764 1419 824; x_wconf 78' lang='lat' dir='ltr'><strong>sed</strong></span> <span class='ocrx_word' id='word_1_60' title='bbox 1447 763 1623 824; x_wconf 87' lang='lat' dir='ltr'><strong>etiam</strong></span> <span class='ocrx_word' id='word_1_61' title='bbox 1652 763 1716 822; x_wconf 91' lang='lat' dir='ltr'><strong>in</strong></span> <span class='ocrx_word' id='word_1_62' title='bbox 1758 762 1989 832; x_wconf 85' lang='lat' dir='ltr'><strong>castris,</strong></span> <span class='ocrx_word' id='word_1_63' title='bbox 2017 764 2072 822; x_wconf 89' lang='lat' dir='ltr'><strong>si</strong></span> <span class='ocrx_word' id='word_1_64' title='bbox 2099 763 2207 822; x_wconf 84' lang='lat' dir='ltr'><strong>ha-</strong></span> 
     </span>
     <span class='ocr_line' id='line_1_9' title="bbox 199 841 2206 924; baseline -0.001 -20"><span class='ocrx_word' id='word_1_65' title='bbox 199 847 428 913; x_wconf 88' lang='lat' dir='ltr'><strong>beatur,</strong></span> <span class='ocrx_word' id='word_1_66' title='bbox 482 844 609 923; x_wconf 83' lang='lat' dir='ltr'><strong>ipso</strong></span> <span class='ocrx_word' id='word_1_67' title='bbox 657 844 921 902; x_wconf 81' lang='lat' dir='ltr'><strong>exercitu</strong></span> <span class='ocrx_word' id='word_1_68' title='bbox 973 845 1369 924; x_wconf 87' lang='lat' dir='ltr'><strong>disceptante,</strong></span> <span class='ocrx_word' id='word_1_69' title='bbox 1426 863 1659 922; x_wconf 87' lang='lat' dir='ltr'><strong>aequam</strong></span> <span class='ocrx_word' id='word_1_70' title='bbox 1702 842 1956 902; x_wconf 84' lang='lat' dir='ltr'><strong>arbitror</strong></span> <span class='ocrx_word' id='word_1_71' title='bbox 2009 841 2206 902; x_wconf 80' lang='lat' dir='ltr'><strong>videri</strong></span> 
     </span>
     <span class='ocr_line' id='line_1_10' title="bbox 200 921 2209 1006; baseline -0.001 -24"><span class='ocrx_word' id='word_1_72' title='bbox 200 943 421 1006; x_wconf 81' lang='lat' dir='ltr'><strong>posse3</strong></span> <span class='ocrx_word' id='word_1_73' title='bbox 462 922 523 982; x_wconf 89' lang='lat' dir='ltr'><strong>in</strong></span> <span class='ocrx_word' id='word_1_74' title='bbox 551 943 668 1001; x_wconf 88' lang='lat' dir='ltr'><strong>qua</strong></span> <span class='ocrx_word' id='word_1_75' title='bbox 697 922 747 981; x_wconf 87' lang='lat' dir='ltr'><strong>si</strong></span> <span class='ocrx_word' id='word_1_76' title='bbox 774 923 914 982; x_wconf 88' lang='lat' dir='ltr'><strong>mihi</strong></span> <span class='ocrx_word' id='word_1_77' title='bbox 941 923 1056 1004; x_wconf 80' lang='lat' dir='ltr'><strong>ipsi</strong></span> <span class='ocrx_word' id='word_1_78' title='bbox 1082 923 1246 992; x_wconf 86' lang='lat' dir='ltr'><strong>nihil,</strong></span> <span class='ocrx_word' id='word_1_79' title='bbox 1294 923 1453 1002; x_wconf 92' lang='lat' dir='ltr'><strong>quod</strong></span> <span class='ocrx_word' id='word_1_80' title='bbox 1495 921 1775 991; x_wconf 82' lang='lat' dir='ltr'>dicerem,</span> <span class='ocrx_word' id='word_1_81' title='bbox 1829 921 1892 980; x_wconf 85' lang='lat' dir='ltr'><strong>in</strong></span> <span class='ocrx_word' id='word_1_82' title='bbox 1940 928 2209 982; x_wconf 80' lang='lat' dir='ltr'><strong>mentem</strong></span> 
     </span>
     <span class='ocr_line' id='line_1_11' title="bbox 202 1001 2209 1080; baseline -0.002 -17"><span class='ocrx_word' id='word_1_83' title='bbox 202 1003 407 1063; x_wconf 79' lang='lat' dir='ltr'><strong>venire</strong></span> <span class='ocrx_word' id='word_1_84' title='bbox 461 1009 678 1080; x_wconf 86' lang='lat' dir='ltr'><strong>posset,</strong></span> <span class='ocrx_word' id='word_1_85' title='bbox 709 1003 1207 1078; x_wconf 53' lang='lat' dir='ltr'><strong>,adversariorum</strong></span> <span class='ocrx_word' id='word_1_86' title='bbox 1257 1004 1417 1062; x_wconf 70' lang='lat' dir='ltr'><strong>certe</strong></span> <span class='ocrx_word' id='word_1_87' title='bbox 1472 1001 1837 1062; x_wconf 84' lang='lat' dir='ltr'><strong>orationibus</strong></span> <span class='ocrx_word' id='word_1_88' title='bbox 1886 1008 2209 1062; x_wconf 82' lang='lat' dir='ltr'><strong>contentus</strong></span> 
     </span>
     <span class='ocr_line' id='line_1_12' title="bbox 203 1077 2209 1166; baseline -0.001 -24"><span class='ocrx_word' id='word_1_89' title='bbox 203 1103 412 1142; x_wconf 87' lang='lat' dir='ltr'><strong>essem.</strong></span> <span class='ocrx_word' id='word_1_90' title='bbox 494 1081 816 1161; x_wconf 81' lang='lat' dir='ltr'><strong>Negabant</strong></span> <span class='ocrx_word' id='word_1_91' title='bbox 867 1077 1077 1163; x_wconf 86' lang='lat' dir='ltr'><strong>nuper,</strong></span> <span class='ocrx_word' id='word_1_92' title='bbox 1131 1083 1331 1142; x_wconf 86' lang='lat' dir='ltr'><strong>danda</strong></span> <span class='ocrx_word' id='word_1_93' title='bbox 1380 1101 1511 1142; x_wconf 88' lang='lat' dir='ltr'><strong>esse</strong></span> <span class='ocrx_word' id='word_1_94' title='bbox 1550 1080 2017 1166; x_wconf 31' lang='lat' dir='ltr'><strong>aeraxmilitibuffi</strong></span> <span class='ocrx_word' id='word_1_95' title='bbox 2070 1079 2209 1160; x_wconf 76' lang='lat' dir='ltr'><strong>quia</strong></span> 
     </span>
     <span class='ocr_line' id='line_1_13' title="bbox 202 1159 2214 1242; baseline -0.001 -21"><span class='ocrx_word' id='word_1_96' title='bbox 202 1182 505 1240; x_wconf 84' lang='lat' dir='ltr'><strong>nunquam</strong></span> <span class='ocrx_word' id='word_1_97' title='bbox 553 1161 694 1221; x_wconf 85' lang='lat' dir='ltr'><strong>data</strong></span> <span class='ocrx_word' id='word_1_98' title='bbox 722 1167 924 1220; x_wconf 78' lang='lat' dir='ltr'><strong>essent</strong></span> <span class='ocrx_word' id='word_1_99' title='bbox 953 1183 970 1231; x_wconf 79' lang='lat'>3</span> <span class='ocrx_word' id='word_1_100' title='bbox 1011 1182 1270 1240; x_wconf 84' lang='lat' dir='ltr'><strong>quonam</strong></span> <span class='ocrx_word' id='word_1_101' title='bbox 1296 1161 1473 1222; x_wconf 87' lang='lat' dir='ltr'><strong>modo</strong></span> <span class='ocrx_word' id='word_1_102' title='bbox 1517 1161 1697 1242; x_wconf 86' lang='lat' dir='ltr'><strong>igitur</strong></span> <span class='ocrx_word' id='word_1_103' title='bbox 1722 1180 1883 1222; x_wconf 89' lang='lat' dir='ltr'><strong>nunc</strong></span> <span class='ocrx_word' id='word_1_104' title='bbox 1910 1161 2037 1221; x_wconf 90' lang='lat' dir='ltr'><strong>indi</strong></span> <span class='ocrx_word' id='word_1_105' title='bbox 2072 1159 2214 1220; x_wconf 75' lang='lat' dir='ltr'><strong>‘nari</strong></span> 
     </span>
     <span class='ocr_line' id='line_1_14' title="bbox 205 1181 2215 1324; baseline -0 -23"><span class='ocrx_word' id='word_1_106' title='bbox 205 1251 475 1324; x_wconf 84' lang='lat' dir='ltr'><strong>possunt,</strong></span> <span class='ocrx_word' id='word_1_107' title='bbox 499 1242 715 1320; x_wconf 83' lang='lat' dir='ltr'><strong>quibus</strong></span> <span class='ocrx_word' id='word_1_108' title='bbox 743 1240 969 1320; x_wconf 90' lang='lat' dir='ltr'><strong>aliquid</strong></span> <span class='ocrx_word' id='word_1_109' title='bbox 1001 1243 1138 1300; x_wconf 89' lang='lat' dir='ltr'><strong>novi</strong></span> <span class='ocrx_word' id='word_1_110' title='bbox 1166 1242 1469 1320; x_wconf 91' lang='lat' dir='ltr'><strong>adjectum</strong></span> <span class='ocrx_word' id='word_1_111' title='bbox 1500 1239 1792 1300; x_wconf 90' lang='lat' dir='ltr'><strong>commodi</strong></span> <span class='ocrx_word' id='word_1_112' title='bbox 1820 1240 1919 1310; x_wconf 89' lang='lat' dir='ltr'><strong>sit,</strong></span> <span class='ocrx_word' id='word_1_113' title='bbox 1932 1243 2020 1300; x_wconf 87' lang='lat' dir='ltr'><strong>eis</strong></span> <span class='ocrx_word' id='word_1_114' title='bbox 2039 1181 2215 1300; x_wconf 41' lang='lat' dir='ltr'><strong>{abo-</strong></span> 
     </span>
     <span class='ocr_line' id='line_1_15' title="bbox 205 1319 2210 1402; baseline -0.001 -20"><span class='ocrx_word' id='word_1_115' title='bbox 205 1342 331 1382; x_wconf 84' lang='lat' dir='ltr'><strong>rem</strong></span> <span class='ocrx_word' id='word_1_116' title='bbox 362 1320 538 1380; x_wconf 84' lang='lat' dir='ltr'><strong>etiam</strong></span> <span class='ocrx_word' id='word_1_117' title='bbox 569 1339 782 1380; x_wconf 80' lang='lat' dir='ltr'><strong>novum</strong></span> <span class='ocrx_word' id='word_1_118' title='bbox 814 1341 920 1399; x_wconf 90' lang='lat' dir='ltr'><strong>pro</strong></span> <span class='ocrx_word' id='word_1_119' title='bbox 961 1319 1233 1399; x_wconf 84' lang='lat' dir='ltr'><strong>portione</strong></span> <span class='ocrx_word' id='word_1_120' title='bbox 1259 1320 1538 1402; x_wconf 84' lang='lat' dir='ltr'><strong>injungi?</strong></span> <span class='ocrx_word' id='word_1_121' title='bbox 1578 1340 1872 1398; x_wconf 85' lang='lat' dir='ltr'><strong>nusquam</strong></span> <span class='ocrx_word' id='word_1_122' title='bbox 1922 1340 2035 1380; x_wconf 87' lang='lat' dir='ltr'><strong>nec</strong></span> <span class='ocrx_word' id='word_1_123' title='bbox 2068 1339 2210 1400; x_wconf 89' lang='lat' dir='ltr'><strong>ope-</strong></span> 
     </span>
     <span class='ocr_line' id='line_1_16' title="bbox 206 1399 2213 1480; baseline -0 -19"><span class='ocrx_word' id='word_1_124' title='bbox 206 1423 274 1461; x_wconf 83' lang='lat' dir='ltr'><strong>ra</strong></span> <span class='ocrx_word' id='word_1_125' title='bbox 303 1401 431 1460; x_wconf 83' lang='lat' dir='ltr'><strong>sine</strong></span> <span class='ocrx_word' id='word_1_126' title='bbox 461 1400 876 1468; x_wconf 77' lang='lat' dir='ltr'><strong>emolumentO,</strong></span> <span class='ocrx_word' id='word_1_127' title='bbox 929 1419 1042 1458; x_wconf 91' lang='lat' dir='ltr'><strong>nec</strong></span> <span class='ocrx_word' id='word_1_128' title='bbox 1072 1400 1537 1459; x_wconf 73' lang='lat' dir='ltr'><strong>emolumentum</strong></span> <span class='ocrx_word' id='word_1_129' title='bbox 1564 1399 1751 1458; x_wconf 87' lang='lat' dir='ltr'><strong>ferme</strong></span> <span class='ocrx_word' id='word_1_130' title='bbox 1780 1400 1910 1460; x_wconf 86' lang='lat' dir='ltr'><strong>sine</strong></span> <span class='ocrx_word' id='word_1_131' title='bbox 1936 1400 2213 1480; x_wconf 68' lang='lat' dir='ltr'><strong>impensa</strong></span> 
     </span>
     <span class='ocr_line' id='line_1_17' title="bbox 207 1477 2213 1560; baseline -0 -19"><span class='ocrx_word' id='word_1_132' title='bbox 207 1501 386 1560; x_wconf 85' lang='lat' dir='ltr'><strong>opera</strong></span> <span class='ocrx_word' id='word_1_133' title='bbox 417 1485 510 1539; x_wconf 88' lang='lat' dir='ltr'><strong>est</strong></span> <span class='ocrx_word' id='word_1_134' title='bbox 539 1499 555 1548; x_wconf 89' lang='lat'>;</span> <span class='ocrx_word' id='word_1_135' title='bbox 599 1481 760 1539; x_wconf 86' lang='lat' dir='ltr'><strong>labor</strong></span> <span class='ocrx_word' id='word_1_136' title='bbox 786 1478 1196 1558; x_wconf 78' lang='lat' dir='ltr'><strong>voluptasque,</strong></span> <span class='ocrx_word' id='word_1_137' title='bbox 1225 1477 1625 1538; x_wconf 83' lang='lat' dir='ltr'><strong>dissimillima</strong></span> <span class='ocrx_word' id='word_1_138' title='bbox 1672 1484 1811 1538; x_wconf 85' lang='lat' dir='ltr'><strong>natu</strong></span> <span class='ocrx_word' id='word_1_139' title='bbox 1823 1478 1907 1548; x_wconf 65' lang='lat' dir='ltr'><strong>ra‘,</strong></span> <span class='ocrx_word' id='word_1_140' title='bbox 1958 1480 2213 1540; x_wconf 86' lang='lat' dir='ltr'><strong>societa-</strong></span> 
     </span>
     <span class='ocr_line' id='line_1_18' title="bbox 208 1558 2211 1638; baseline 0 -19"><span class='ocrx_word' id='word_1_141' title='bbox 208 1565 272 1619; x_wconf 91' lang='lat' dir='ltr'><strong>te</strong></span> <span class='ocrx_word' id='word_1_142' title='bbox 315 1560 568 1638; x_wconf 86' lang='lat' dir='ltr'><strong>quadam</strong></span> <span class='ocrx_word' id='word_1_143' title='bbox 612 1558 770 1618; x_wconf 89' lang='lat' dir='ltr'><strong>inter</strong></span> <span class='ocrx_word' id='word_1_144' title='bbox 817 1578 881 1617; x_wconf 89' lang='lat' dir='ltr'><strong>se</strong></span> <span class='ocrx_word' id='word_1_145' title='bbox 925 1559 1183 1618; x_wconf 87' lang='lat' dir='ltr'><strong>naturali</strong></span> <span class='ocrx_word' id='word_1_146' title='bbox 1233 1565 1374 1618; x_wconf 90' lang='lat' dir='ltr'><strong>sunt</strong></span> <span class='ocrx_word' id='word_1_147' title='bbox 1410 1560 1645 1638; x_wconf 88' lang='lat' dir='ltr'><strong>juncta.</strong></span> <span class='ocrx_word' id='word_1_148' title='bbox 1727 1558 1987 1618; x_wconf 71' lang='lat' dir='ltr'><strong>Moleste</strong></span> <span class='ocrx_word' id='word_1_149' title='bbox 2030 1567 2211 1618; x_wconf 85' lang='lat' dir='ltr'><strong>antea</strong></span> 
     </span>
     <span class='ocr_line' id='line_1_19' title="bbox 211 1636 2212 1719; baseline -0.001 -21"><span class='ocrx_word' id='word_1_150' title='bbox 211 1640 438 1698; x_wconf 84' lang='lat' dir='ltr'><strong>ferebat</strong></span> <span class='ocrx_word' id='word_1_151' title='bbox 467 1638 654 1707; x_wconf 80' lang='lat' dir='ltr'><strong>miles,</strong></span> <span class='ocrx_word' id='word_1_152' title='bbox 703 1659 767 1698; x_wconf 86' lang='lat' dir='ltr'><strong>se</strong></span> <span class='ocrx_word' id='word_1_153' title='bbox 815 1658 928 1698; x_wconf 83' lang='lat' dir='ltr'><strong>suo</strong></span> <span class='ocrx_word' id='word_1_154' title='bbox 958 1646 1195 1718; x_wconf 88' lang='lat' dir='ltr'><strong>sumptu</strong></span> <span class='ocrx_word' id='word_1_155' title='bbox 1226 1659 1465 1718; x_wconf 85' lang='lat' dir='ltr'><strong>operam</strong></span> <span class='ocrx_word' id='word_1_156' title='bbox 1492 1636 1851 1717; x_wconf 71' lang='lat' dir='ltr'><strong>&#39;reipublicae</strong></span> <span class='ocrx_word' id='word_1_157' title='bbox 1896 1641 2212 1719; x_wconf 74' lang='lat' dir='ltr'><strong>praeberez</strong></span> 
     </span>
     <span class='ocr_line' id='line_1_20' title="bbox 213 1715 2216 1799; baseline 0 -21"><span class='ocrx_word' id='word_1_158' title='bbox 213 1719 512 1799; x_wconf 82' lang='lat' dir='ltr'><strong>gaudebat</strong></span> <span class='ocrx_word' id='word_1_159' title='bbox 557 1715 734 1788; x_wconf 88' lang='lat' dir='ltr'><strong>idem,</strong></span> <span class='ocrx_word' id='word_1_160' title='bbox 786 1725 1012 1797; x_wconf 87' lang='lat' dir='ltr'><strong>partem</strong></span> <span class='ocrx_word' id='word_1_161' title='bbox 1045 1719 1186 1778; x_wconf 89' lang='lat' dir='ltr'><strong>anni</strong></span> <span class='ocrx_word' id='word_1_162' title='bbox 1214 1739 1278 1778; x_wconf 90' lang='lat' dir='ltr'><strong>se</strong></span> <span class='ocrx_word' id='word_1_163' title='bbox 1306 1737 1511 1799; x_wconf 80' lang='lat' dir='ltr'><strong>agrum</strong></span> <span class='ocrx_word' id='word_1_164' title='bbox 1537 1737 1705 1776; x_wconf 77' lang='lat' dir='ltr'><strong>suum</strong></span> <span class='ocrx_word' id='word_1_165' title='bbox 1758 1718 1954 1778; x_wconf 86' lang='lat' dir='ltr'><strong>colere</strong></span> <span class='ocrx_word' id='word_1_166' title='bbox 1983 1739 2001 1788; x_wconf 79' lang='lat'><em>3</em></span> <span class='ocrx_word' id='word_1_167' title='bbox 2042 1737 2216 1798; x_wconf 84' lang='lat' dir='ltr'><strong>quae-</strong></span> 
     </span>
     <span class='ocr_line' id='line_1_21' title="bbox 206 1796 2215 1876; baseline 0 -19"><span class='ocrx_word' id='word_1_168' title='bbox 206 1817 365 1865; x_wconf 69' lang='lat' dir='ltr'><strong>rere,</strong></span> <span class='ocrx_word' id='word_1_169' title='bbox 413 1797 573 1856; x_wconf 87' lang='lat' dir='ltr'><strong>unde</strong></span> <span class='ocrx_word' id='word_1_170' title='bbox 619 1796 778 1858; x_wconf 85' lang='lat' dir='ltr'><strong>domi</strong></span> <span class='ocrx_word' id='word_1_171' title='bbox 809 1797 1156 1876; x_wconf 84' lang='lat' dir='ltr'><strong>militiaeque</strong></span> <span class='ocrx_word' id='word_1_172' title='bbox 1211 1818 1274 1857; x_wconf 88' lang='lat' dir='ltr'><strong>se</strong></span> <span class='ocrx_word' id='word_1_173' title='bbox 1302 1819 1371 1858; x_wconf 89' lang='lat' dir='ltr'><strong>ac</strong></span> <span class='ocrx_word' id='word_1_174' title='bbox 1401 1817 1539 1857; x_wconf 88' lang='lat' dir='ltr'><strong>suos</strong></span> <span class='ocrx_word' id='word_1_175' title='bbox 1566 1796 1718 1857; x_wconf 88' lang='lat' dir='ltr'><strong>tueri</strong></span> <span class='ocrx_word' id='word_1_176' title='bbox 1748 1803 1966 1876; x_wconf 84' lang='lat' dir='ltr'><strong>posset.</strong></span> <span class='ocrx_word' id='word_1_177' title='bbox 2049 1801 2215 1858; x_wconf 90' lang='lat' dir='ltr'><strong>Gau-</strong></span> 
     </span>
     <span class='ocr_line' id='line_1_22' title="bbox 215 1875 2215 1957; baseline 0.001 -21"><span class='ocrx_word' id='word_1_178' title='bbox 215 1877 323 1936; x_wconf 72' lang='lat' dir='ltr'><strong>det</strong></span> <span class='ocrx_word' id='word_1_179' title='bbox 351 1895 529 1945; x_wconf 88' lang='lat' dir='ltr'><strong>nunc,</strong></span> <span class='ocrx_word' id='word_1_180' title='bbox 572 1875 798 1936; x_wconf 79' lang='lat' dir='ltr'><strong>fructui</strong></span> <span class='ocrx_word' id='word_1_181' title='bbox 824 1876 933 1936; x_wconf 86' lang='lat' dir='ltr'><strong>sibi</strong></span> <span class='ocrx_word' id='word_1_182' title='bbox 960 1878 1382 1956; x_wconf 88' lang='lat' dir='ltr'><strong>rempublicam</strong></span> <span class='ocrx_word' id='word_1_183' title='bbox 1430 1897 1582 1945; x_wconf 88' lang='lat' dir='ltr'><strong>esse,</strong></span> <span class='ocrx_word' id='word_1_184' title='bbox 1634 1882 1697 1935; x_wconf 87' lang='lat' dir='ltr'><strong>et</strong></span> <span class='ocrx_word' id='word_1_185' title='bbox 1720 1877 1896 1936; x_wconf 62' lang='lat' dir='ltr'><strong>laetus</strong></span> <span class='ocrx_word' id='word_1_186' title='bbox 1924 1877 2215 1957; x_wconf 76' lang='lat' dir='ltr'><strong>stipendi·</strong></span> 
     </span>
     <span class='ocr_line' id='line_1_23' title="bbox 217 1955 2217 2046; baseline 0 -31"><span class='ocrx_word' id='word_1_187' title='bbox 217 1975 317 2015; x_wconf 85' lang='lat' dir='ltr'><strong>um</strong></span> <span class='ocrx_word' id='word_1_188' title='bbox 349 1955 568 2046; x_wconf 85' lang='lat' dir='ltr'><strong>accipit</strong></span> <span class='ocrx_word' id='word_1_189' title='bbox 597 1975 614 2026; x_wconf 83' lang='lat'>3</span> <span class='ocrx_word' id='word_1_190' title='bbox 642 1975 813 2033; x_wconf 87' lang='lat' dir='ltr'><strong>aequo</strong></span> <span class='ocrx_word' id='word_1_191' title='bbox 839 1956 1024 2039; x_wconf 82' lang='lat' dir='ltr'><strong>igitur</strong></span> <span class='ocrx_word' id='word_1_192' title='bbox 1051 1955 1248 2018; x_wconf 84' lang='lat' dir='ltr'><strong>animo</strong></span> <span class='ocrx_word' id='word_1_193' title='bbox 1293 1955 1571 2036; x_wconf 87' lang='lat' dir='ltr'><strong>patiatur,</strong></span> <span class='ocrx_word' id='word_1_194' title='bbox 1620 1975 1685 2015; x_wconf 86' lang='lat' dir='ltr'><strong>se</strong></span> <span class='ocrx_word' id='word_1_195' title='bbox 1712 1957 1785 2016; x_wconf 89' lang='lat' dir='ltr'><strong>ab</strong></span> <span class='ocrx_word' id='word_1_196' title='bbox 1813 1957 2007 2026; x_wconf 91' lang='lat' dir='ltr'><strong>domo,</strong></span> <span class='ocrx_word' id='word_1_197' title='bbox 2050 1961 2127 2017; x_wconf 91' lang='lat' dir='ltr'><strong>ab</strong></span> <span class='ocrx_word' id='word_1_198' title='bbox 2156 1975 2217 2015; x_wconf 84' lang='lat' dir='ltr'><strong>ro</strong></span> 
     </span>
     <span class='ocr_line' id='line_1_24' title="bbox 218 2034 2216 2116; baseline -0.002 -20"><span class='ocrx_word' id='word_1_199' title='bbox 218 2034 514 2103; x_wconf 81' lang='lat' dir='ltr'><strong>familiari,</strong></span> <span class='ocrx_word' id='word_1_200' title='bbox 562 2034 658 2095; x_wconf 77' lang='lat' dir='ltr'><strong>cui</strong></span> <span class='ocrx_word' id='word_1_201' title='bbox 683 2035 880 2115; x_wconf 80' lang='lat' dir='ltr'><strong>gravis</strong></span> <span class='ocrx_word' id='word_1_202' title='bbox 906 2035 1179 2116; x_wconf 84' lang='lat' dir='ltr'><strong>impensa</strong></span> <span class='ocrx_word' id='word_1_203' title='bbox 1204 2055 1325 2097; x_wconf 90' lang='lat' dir='ltr'><strong>non</strong></span> <span class='ocrx_word' id='word_1_204' title='bbox 1351 2042 1462 2106; x_wconf 76' lang='lat' dir='ltr'><strong>est,</strong></span> <span class='ocrx_word' id='word_1_205' title='bbox 1503 2035 1679 2114; x_wconf 85' lang='lat' dir='ltr'><strong>paulo</strong></span> <span class='ocrx_word' id='word_1_206' title='bbox 1732 2036 1960 2096; x_wconf 86' lang='lat' dir='ltr'><strong>diutius</strong></span> <span class='ocrx_word' id='word_1_207' title='bbox 1990 2039 2216 2097; x_wconf 87' lang='lat' dir='ltr'><strong>abesse.</strong></span> 
     </span>
     <span class='ocr_line' id='line_1_25' title="bbox 221 2115 2211 2195; baseline -0.002 -20"><span class='ocrx_word' id='word_1_208' title='bbox 221 2118 342 2184; x_wconf 87' lang='lat' dir='ltr'><strong>An,</strong></span> <span class='ocrx_word' id='word_1_209' title='bbox 370 2115 420 2174; x_wconf 86' lang='lat' dir='ltr'><strong>si</strong></span> <span class='ocrx_word' id='word_1_210' title='bbox 447 2115 524 2175; x_wconf 85' lang='lat' dir='ltr'><strong>ad</strong></span> <span class='ocrx_word' id='word_1_211' title='bbox 551 2116 815 2176; x_wconf 81' lang='lat' dir='ltr'><strong>calculos</strong></span> <span class='ocrx_word' id='word_1_212' title='bbox 843 2134 978 2174; x_wconf 89' lang='lat' dir='ltr'><strong>eum</strong></span> <span class='ocrx_word' id='word_1_213' title='bbox 1004 2115 1344 2195; x_wconf 86' lang='lat' dir='ltr'><strong>respublica</strong></span> <span class='ocrx_word' id='word_1_214' title='bbox 1368 2123 1562 2184; x_wconf 84' lang='lat' dir='ltr'><strong>vocet,</strong></span> <span class='ocrx_word' id='word_1_215' title='bbox 1608 2134 1727 2176; x_wconf 90' lang='lat' dir='ltr'><strong>non</strong></span> <span class='ocrx_word' id='word_1_216' title='bbox 1754 2115 1967 2175; x_wconf 71' lang='lat' dir='ltr'><strong>merito</strong></span> <span class='ocrx_word' id='word_1_217' title='bbox 1994 2116 2163 2176; x_wconf 89' lang='lat' dir='ltr'><strong>dicat</strong></span> <span class='ocrx_word' id='word_1_218' title='bbox 2187 2115 2211 2172; x_wconf 84' lang='lat'>?</span> 
     </span>
     <span class='ocr_line' id='line_1_26' title="bbox 218 2194 2215 2274; baseline 0 -20"><span class='ocrx_word' id='word_1_219' title='bbox 218 2207 258 2233; x_wconf 82' lang='lat'><strong>“</strong></span> <span class='ocrx_word' id='word_1_220' title='bbox 277 2214 477 2254; x_wconf 84' lang='lat' dir='ltr'><strong>annua</strong></span> <span class='ocrx_word' id='word_1_221' title='bbox 529 2215 648 2254; x_wconf 88' lang='lat' dir='ltr'><strong>aera</strong></span> <span class='ocrx_word' id='word_1_222' title='bbox 698 2195 900 2263; x_wconf 79' lang='lat' dir='ltr'><strong>habeS,</strong></span> <span class='ocrx_word' id='word_1_223' title='bbox 924 2215 1184 2256; x_wconf 83' lang='lat' dir='ltr'><strong>annuam</strong></span> <span class='ocrx_word' id='word_1_224' title='bbox 1236 2215 1473 2274; x_wconf 82' lang='lat' dir='ltr'><strong>operam</strong></span> <span class='ocrx_word' id='word_1_225' title='bbox 1527 2194 1656 2254; x_wconf 89' lang='lat' dir='ltr'><strong>ede.</strong></span> <span class='ocrx_word' id='word_1_226' title='bbox 1738 2197 1841 2256; x_wconf 84' lang='lat' dir='ltr'><strong>An</strong></span> <span class='ocrx_word' id='word_1_227' title='bbox 1881 2201 1946 2256; x_wconf 88' lang='lat' dir='ltr'><strong>tu</strong></span> <span class='ocrx_word' id='word_1_228' title='bbox 1976 2214 2215 2274; x_wconf 84' lang='lat' dir='ltr'><strong>aequum</strong></span> 
     </span>
    </p>
   </div>
   <div class='ocr_carea' id='block_1_3' title="bbox 220 2270 2283 2366">
    <p class='ocr_par' dir='ltr' id='par_1_4' title="bbox 220 2270 2283 2366">
     <span class='ocr_line' id='line_1_27' title="bbox 220 2270 2283 2366; baseline -0.001 -31"><span class='ocrx_word' id='word_1_229' title='bbox 220 2294 453 2343; x_wconf 78' lang='lat' dir='ltr'><strong>censeS,</strong></span> <span class='ocrx_word' id='word_1_230' title='bbox 481 2274 694 2334; x_wconf 74' lang='lat' dir='ltr'><strong>militia</strong></span> <span class='ocrx_word' id='word_1_231' title='bbox 743 2275 1012 2334; x_wconf 87' lang='lat' dir='ltr'><strong>semestri</strong></span> <span class='ocrx_word' id='word_1_232' title='bbox 1055 2274 1308 2334; x_wconf 85' lang='lat' dir='ltr'><strong>solidum</strong></span> <span class='ocrx_word' id='word_1_233' title='bbox 1350 2280 1411 2334; x_wconf 84' lang='lat' dir='ltr'><strong>te</strong></span> <span class='ocrx_word' id='word_1_234' title='bbox 1450 2270 1813 2354; x_wconf 88' lang='lat' dir='ltr'><strong>stipendium</strong></span> <span class='ocrx_word' id='word_1_235' title='bbox 1840 2274 2117 2366; x_wconf 77' lang='lat' dir='ltr'><strong>accipere</strong></span> <span class='ocrx_word' id='word_1_236' title='bbox 2145 2275 2213 2332; x_wconf 54' lang='grc' dir='ltr'><strong>ἴθ’</strong></span> <span class='ocrx_word' id='word_1_237' title='bbox 2278 2290 2283 2298; x_wconf 89' lang='grc'><em>·</em></span> 
     </span>
    </p>
   </div>
   <div class='ocr_carea' id='block_1_4' title="bbox 147 2353 2218 3704">
    <p class='ocr_par' dir='ltr' id='par_1_5' title="bbox 147 2353 2215 2675">
     <span class='ocr_line' id='line_1_28' title="bbox 224 2353 2209 2432; baseline -0.002 -16"><span class='ocrx_word' id='word_1_238' title='bbox 224 2354 461 2416; x_wconf 84' lang='lat' dir='ltr'><strong>Invitus</strong></span> <span class='ocrx_word' id='word_1_239' title='bbox 487 2354 549 2413; x_wconf 89' lang='lat' dir='ltr'><strong>in</strong></span> <span class='ocrx_word' id='word_1_240' title='bbox 579 2354 686 2414; x_wconf 87' lang='lat' dir='ltr'><strong>hac</strong></span> <span class='ocrx_word' id='word_1_241' title='bbox 727 2360 896 2432; x_wconf 87' lang='lat' dir='ltr'><strong>parte</strong></span> <span class='ocrx_word' id='word_1_242' title='bbox 949 2353 1252 2424; x_wconf 84' lang='lat' dir='ltr'><strong>orationis,</strong></span> <span class='ocrx_word' id='word_1_243' title='bbox 1306 2353 1587 2426; x_wconf 59' lang='lat' dir='ltr'><strong>Quirites),</strong></span> <span class='ocrx_word' id='word_1_244' title='bbox 1634 2373 1874 2415; x_wconf 75' lang='lat' dir='ltr'><strong>mororz</strong></span> <span class='ocrx_word' id='word_1_245' title='bbox 1916 2375 2003 2414; x_wconf 77' lang='lat' dir='ltr'><strong>sic</strong></span> <span class='ocrx_word' id='word_1_246' title='bbox 2057 2354 2209 2414; x_wconf 88' lang='lat' dir='ltr'><strong>enim</strong></span> 
     </span>
     <span class='ocr_line' id='line_1_29' title="bbox 220 2433 2212 2514; baseline 0.001 -22"><span class='ocrx_word' id='word_1_247' title='bbox 220 2453 400 2514; x_wconf 82' lang='lat' dir='ltr'><strong>agere</strong></span> <span class='ocrx_word' id='word_1_248' title='bbox 428 2434 664 2502; x_wconf 88' lang='lat' dir='ltr'><strong>debent,</strong></span> <span class='ocrx_word' id='word_1_249' title='bbox 708 2433 814 2513; x_wconf 90' lang='lat' dir='ltr'><strong>qui</strong></span> <span class='ocrx_word' id='word_1_250' title='bbox 867 2433 1234 2494; x_wconf 86' lang='lat' dir='ltr'><strong>mercenario</strong></span> <span class='ocrx_word' id='word_1_251' title='bbox 1282 2433 1469 2493; x_wconf 88' lang='lat' dir='ltr'><strong>milite</strong></span> <span class='ocrx_word' id='word_1_252' title='bbox 1499 2437 1797 2504; x_wconf 84' lang='lat' dir='ltr'><strong>utuntur3</strong></span> <span class='ocrx_word' id='word_1_253' title='bbox 1840 2441 1903 2494; x_wconf 89' lang='lat' dir='ltr'><strong>at</strong></span> <span class='ocrx_word' id='word_1_254' title='bbox 1921 2443 2037 2494; x_wconf 68' lang='lat' dir='ltr'><strong>‘nos</strong></span> <span class='ocrx_word' id='word_1_255' title='bbox 2082 2441 2212 2496; x_wconf 85' lang='lat' dir='ltr'><strong>tan-</strong></span> 
     </span>
     <span class='ocr_line' id='line_1_30' title="bbox 224 2511 2213 2597; baseline 0.002 -27"><span class='ocrx_word' id='word_1_256' title='bbox 224 2533 404 2592; x_wconf 84' lang='lat' dir='ltr'><strong>quam</strong></span> <span class='ocrx_word' id='word_1_257' title='bbox 461 2534 594 2572; x_wconf 88' lang='lat' dir='ltr'><strong>cum</strong></span> <span class='ocrx_word' id='word_1_258' title='bbox 645 2511 871 2572; x_wconf 88' lang='lat' dir='ltr'><strong>civibus</strong></span> <span class='ocrx_word' id='word_1_259' title='bbox 920 2533 1094 2594; x_wconf 83' lang='lat' dir='ltr'><strong>agere</strong></span> <span class='ocrx_word' id='word_1_260' title='bbox 1133 2514 1451 2572; x_wconf 81' lang='lat' dir='ltr'><strong>volumus:</strong></span> <span class='ocrx_word' id='word_1_261' title='bbox 1492 2513 1705 2594; x_wconf 84' lang='lat' dir='ltr'><strong>agique</strong></span> <span class='ocrx_word' id='word_1_262' title='bbox 1752 2520 2038 2597; x_wconf 84' lang='lat' dir='ltr'><strong>tanquam</strong></span> <span class='ocrx_word' id='word_1_263' title='bbox 2082 2533 2213 2574; x_wconf 88' lang='lat' dir='ltr'><strong>cum</strong></span> 
     </span>
     <span class='ocr_line' id='line_1_31' title="bbox 147 2592 2215 2675; baseline 0.001 -23"><span class='ocrx_word' id='word_1_264' title='bbox 147 2657 152 2665; x_wconf 29' lang='grc'>(</span> <span class='ocrx_word' id='word_1_265' title='bbox 270 2592 418 2652; x_wconf 88' lang='lat' dir='ltr'><strong>atria</strong></span> <span class='ocrx_word' id='word_1_266' title='bbox 465 2592 768 2652; x_wconf 79' lang='lat' dir='ltr'><strong>n‘obiscum</strong></span> <span class='ocrx_word' id='word_1_267' title='bbox 818 2612 1060 2670; x_wconf 72' lang='lat' dir='ltr'><strong>aequum</strong></span> <span class='ocrx_word' id='word_1_268' title='bbox 1101 2612 1431 2652; x_wconf 87' lang='lat' dir='ltr'><strong>censemus.</strong></span> <span class='ocrx_word' id='word_1_269' title='bbox 1514 2595 1640 2652; x_wconf 86' lang='lat' dir='ltr'><strong>Aut</strong></span> <span class='ocrx_word' id='word_1_270' title='bbox 1684 2613 1803 2656; x_wconf 88' lang='lat' dir='ltr'><strong>non</strong></span> <span class='ocrx_word' id='word_1_271' title='bbox 1846 2594 2065 2675; x_wconf 88' lang='lat' dir='ltr'><strong>suscipi</strong></span> <span class='ocrx_word' id='word_1_272' title='bbox 2090 2594 2215 2654; x_wconf 89' lang='lat' dir='ltr'><strong>bel-</strong></span> 
     </span>
    </p>

    <p class='ocr_par' dir='ltr' id='par_1_6' title="bbox 220 2613 2218 3704">
     <span class='ocr_line' id='line_1_32' title="bbox 223 2613 2213 2753; baseline 0 -21"><span class='ocrx_word' id='word_1_273' title='bbox 223 2613 351 2733; x_wconf 61' lang='lat' dir='ltr'><strong>l)um</strong></span> <span class='ocrx_word' id='word_1_274' title='bbox 399 2670 707 2750; x_wconf 84' lang='lat' dir='ltr'><strong>oportuit3</strong></span> <span class='ocrx_word' id='word_1_275' title='bbox 765 2677 872 2734; x_wconf 83' lang='lat' dir='ltr'><strong>aut</strong></span> <span class='ocrx_word' id='word_1_276' title='bbox 924 2671 1050 2752; x_wconf 84' lang='lat' dir='ltr'><strong>geri</strong></span> <span class='ocrx_word' id='word_1_277' title='bbox 1103 2692 1211 2750; x_wconf 87' lang='lat' dir='ltr'><strong>pro</strong></span> <span class='ocrx_word' id='word_1_278' title='bbox 1264 2671 1554 2751; x_wconf 74' lang='lat' dir='ltr'><strong>dignitate</strong></span> <span class='ocrx_word' id='word_1_279' title='bbox 1582 2675 1788 2753; x_wconf 87' lang='lat' dir='ltr'><strong>populi</strong></span> <span class='ocrx_word' id='word_1_280' title='bbox 1830 2674 2102 2744; x_wconf 82' lang='lat' dir='ltr'><strong>Romani,</strong></span> <span class='ocrx_word' id='word_1_281' title='bbox 2154 2677 2213 2734; x_wconf 81' lang='lat' dir='ltr'><strong>et</strong></span> 
     </span>
     <span class='ocr_line' id='line_1_33' title="bbox 225 2749 2215 2836; baseline 0.002 -26"><span class='ocrx_word' id='word_1_282' title='bbox 225 2749 436 2832; x_wconf 89' lang='lat' dir='ltr'><strong>perfici</strong></span> <span class='ocrx_word' id='word_1_283' title='bbox 461 2751 642 2828; x_wconf 60' lang='lat' dir='ltr'><strong>quim</strong></span> <span class='ocrx_word' id='word_1_284' title='bbox 671 2750 924 2830; x_wconf 86' lang='lat' dir='ltr'><strong>primum</strong></span> <span class='ocrx_word' id='word_1_285' title='bbox 953 2756 1201 2830; x_wconf 87' lang='lat' dir='ltr'><strong>oportet.</strong></span> <span class='ocrx_word' id='word_1_286' title='bbox 1282 2751 1634 2812; x_wconf 85' lang='lat' dir='ltr'><strong>Perficietur</strong></span> <span class='ocrx_word' id='word_1_287' title='bbox 1660 2754 1903 2829; x_wconf 66' lang='lat' dir='ltr'><strong>autem,</strong></span> <span class='ocrx_word' id='word_1_288' title='bbox 1957 2754 2008 2813; x_wconf 90' lang='lat' dir='ltr'><strong>si</strong></span> <span class='ocrx_word' id='word_1_289' title='bbox 2048 2773 2215 2836; x_wconf 84' lang='lat' dir='ltr'><strong>urge-</strong></span> 
     </span>
     <span class='ocr_line' id='line_1_34' title="bbox 225 2829 2215 2914; baseline 0.001 -25"><span class='ocrx_word' id='word_1_290' title='bbox 225 2849 359 2890; x_wconf 88' lang='lat' dir='ltr'><strong>mus</strong></span> <span class='ocrx_word' id='word_1_291' title='bbox 387 2831 692 2888; x_wconf 87' lang='lat' dir='ltr'><strong>obsessos:</strong></span> <span class='ocrx_word' id='word_1_292' title='bbox 761 2829 812 2888; x_wconf 86' lang='lat' dir='ltr'><strong>si</strong></span> <span class='ocrx_word' id='word_1_293' title='bbox 840 2849 957 2889; x_wconf 92' lang='lat' dir='ltr'><strong>non</strong></span> <span class='ocrx_word' id='word_1_294' title='bbox 999 2831 1137 2888; x_wconf 67' lang='lat' dir='ltr'><strong>ante</strong></span> <span class='ocrx_word' id='word_1_295' title='bbox 1181 2831 1573 2906; x_wconf 86' lang='lat' dir='ltr'><strong>abscedimus,</strong></span> <span class='ocrx_word' id='word_1_296' title='bbox 1618 2834 1799 2909; x_wconf 52' lang='lat' dir='ltr'><strong>quam</strong></span> <span class='ocrx_word' id='word_1_297' title='bbox 1841 2833 1967 2914; x_wconf 86' lang='lat' dir='ltr'><strong>spei</strong></span> <span class='ocrx_word' id='word_1_298' title='bbox 1998 2843 2215 2894; x_wconf 83' lang='lat' dir='ltr'><strong>nostrae</strong></span> 
     </span>
     <span class='ocr_line' id='line_1_35' title="bbox 227 2909 2216 2990; baseline 0 -21"><span class='ocrx_word' id='word_1_299' title='bbox 227 2911 408 2970; x_wconf 86' lang='lat' dir='ltr'><strong>finem</strong></span> <span class='ocrx_word' id='word_1_300' title='bbox 457 2911 648 2990; x_wconf 81' lang='lat' dir='ltr'><strong>captis</strong></span> <span class='ocrx_word' id='word_1_301' title='bbox 677 2910 846 2990; x_wconf 83' lang='lat' dir='ltr'><strong>Vejis</strong></span> <span class='ocrx_word' id='word_1_302' title='bbox 899 2909 1370 2990; x_wconf 83' lang='lat' dir='ltr'><strong>imposuerimus.</strong></span> <span class='ocrx_word' id='word_1_303' title='bbox 1450 2910 1533 2979; x_wconf 82' lang='lat' dir='ltr'><strong>Si,</strong></span> <span class='ocrx_word' id='word_1_304' title='bbox 1576 2910 1835 2982; x_wconf 87' lang='lat' dir='ltr'><strong>hercule,</strong></span> <span class='ocrx_word' id='word_1_305' title='bbox 1882 2913 2048 2975; x_wconf 86' lang='lat' dir='ltr'><strong>nulla</strong></span> <span class='ocrx_word' id='word_1_306' title='bbox 2102 2910 2216 2973; x_wconf 77' lang='lat' dir='ltr'><strong>alia·</strong></span> 
     </span>
     <span class='ocr_line' id='line_1_36' title="bbox 226 2989 2215 3073; baseline 0.002 -23"><span class='ocrx_word' id='word_1_307' title='bbox 226 3010 426 3057; x_wconf 83' lang='lat' dir='ltr'><strong>causa,</strong></span> <span class='ocrx_word' id='word_1_308' title='bbox 447 2989 578 3068; x_wconf 86' lang='lat' dir='ltr'><strong>ipsa</strong></span> <span class='ocrx_word' id='word_1_309' title='bbox 604 2989 926 3073; x_wconf 79' lang='lat' dir='ltr'><strong>indignitas</strong></span> <span class='ocrx_word' id='word_1_310' title='bbox 955 2991 1457 3071; x_wconf 83' lang='lat' dir='ltr'><strong>perseverantiam</strong></span> <span class='ocrx_word' id='word_1_311' title='bbox 1484 2989 1785 3070; x_wconf 87' lang='lat' dir='ltr'><strong>imponere</strong></span> <span class='ocrx_word' id='word_1_312' title='bbox 1809 2992 2030 3054; x_wconf 85' lang='lat' dir='ltr'><strong>debuit.</strong></span> <span class='ocrx_word' id='word_1_313' title='bbox 2097 2995 2215 3053; x_wconf 89' lang='lat' dir='ltr'><strong>De-</strong></span> 
     </span>
     <span class='ocr_line' id='line_1_37' title="bbox 229 3069 2215 3149; baseline -0.001 -18"><span class='ocrx_word' id='word_1_314' title='bbox 229 3091 358 3131; x_wconf 87' lang='lat' dir='ltr'><strong>cem</strong></span> <span class='ocrx_word' id='word_1_315' title='bbox 387 3069 684 3148; x_wconf 89' lang='lat' dir='ltr'><strong>quondam</strong></span> <span class='ocrx_word' id='word_1_316' title='bbox 733 3090 918 3128; x_wconf 86' lang='lat' dir='ltr'><strong>annos</strong></span> <span class='ocrx_word' id='word_1_317' title='bbox 941 3072 1080 3131; x_wconf 88' lang='lat' dir='ltr'><strong>urbs</strong></span> <span class='ocrx_word' id='word_1_318' title='bbox 1109 3075 1445 3149; x_wconf 82' lang='lat' dir='ltr'><strong>oppugnata</strong></span> <span class='ocrx_word' id='word_1_319' title='bbox 1488 3076 1581 3130; x_wconf 88' lang='lat' dir='ltr'><strong>est</strong></span> <span class='ocrx_word' id='word_1_320' title='bbox 1606 3073 1680 3130; x_wconf 91' lang='lat' dir='ltr'><strong>ob</strong></span> <span class='ocrx_word' id='word_1_321' title='bbox 1706 3091 1885 3144; x_wconf 78' lang='lat' dir='ltr'><strong>unam</strong></span> <span class='ocrx_word' id='word_1_322' title='bbox 1914 3072 2215 3132; x_wconf 83' lang='lat' dir='ltr'><strong>mulierem</strong></span> 
     </span>
     <span class='ocr_line' id='line_1_38' title="bbox 224 3149 2214 3230; baseline 0 -20"><span class='ocrx_word' id='word_1_323' title='bbox 224 3152 300 3210; x_wconf 77' lang='lat' dir='ltr'><strong>ab</strong></span> <span class='ocrx_word' id='word_1_324' title='bbox 328 3149 605 3208; x_wconf 80' lang='lat' dir='ltr'><strong>universa</strong></span> <span class='ocrx_word' id='word_1_325' title='bbox 635 3149 908 3209; x_wconf 72' lang='lat' dir='ltr'><strong>Graecia:</strong></span> <span class='ocrx_word' id='word_1_326' title='bbox 950 3149 1129 3227; x_wconf 64' lang='lat' dir='ltr'><strong>quam</strong></span> <span class='ocrx_word' id='word_1_327' title='bbox 1183 3149 1388 3228; x_wconf 88' lang='lat' dir='ltr'><strong>procul</strong></span> <span class='ocrx_word' id='word_1_328' title='bbox 1440 3152 1514 3208; x_wconf 88' lang='lat' dir='ltr'><strong>ab</strong></span> <span class='ocrx_word' id='word_1_329' title='bbox 1562 3149 1786 3210; x_wconf 87' lang='lat' dir='ltr'><strong>domo?</strong></span> <span class='ocrx_word' id='word_1_330' title='bbox 1828 3159 1972 3230; x_wconf 88' lang='lat' dir='ltr'><strong>quot</strong></span> <span class='ocrx_word' id='word_1_331' title='bbox 2011 3160 2214 3219; x_wconf 81' lang='lat' dir='ltr'><strong>terras,</strong></span> 
     </span>
     <span class='ocr_line' id='line_1_39' title="bbox 226 3227 2214 3322; baseline 0.002 -34"><span class='ocrx_word' id='word_1_332' title='bbox 226 3235 371 3309; x_wconf 88' lang='lat' dir='ltr'><strong>quot</strong></span> <span class='ocrx_word' id='word_1_333' title='bbox 399 3228 583 3288; x_wconf 83' lang='lat' dir='ltr'><strong>maria</strong></span> <span class='ocrx_word' id='word_1_334' title='bbox 609 3228 887 3287; x_wconf 81' lang='lat' dir='ltr'><strong>distans?</strong></span> <span class='ocrx_word' id='word_1_335' title='bbox 928 3247 1036 3286; x_wconf 88' lang='lat' dir='ltr'><strong>nos</strong></span> <span class='ocrx_word' id='word_1_336' title='bbox 1084 3227 1241 3287; x_wconf 88' lang='lat' dir='ltr'><strong>intra</strong></span> <span class='ocrx_word' id='word_1_337' title='bbox 1289 3228 1635 3288; x_wconf 86' lang='lat' dir='ltr'><strong>vicesimum</strong></span> <span class='ocrx_word' id='word_1_338' title='bbox 1663 3231 1943 3322; x_wconf 82' lang='lat' dir='ltr'><strong>lapidem,</strong></span> <span class='ocrx_word' id='word_1_339' title='bbox 1988 3231 2051 3291; x_wconf 88' lang='lat' dir='ltr'><strong>in</strong></span> <span class='ocrx_word' id='word_1_340' title='bbox 2080 3251 2214 3292; x_wconf 88' lang='lat' dir='ltr'><strong>con-</strong></span> 
     </span>
     <span class='ocr_line' id='line_1_40' title="bbox 223 3307 2218 3398; baseline 0.001 -30"><span class='ocrx_word' id='word_1_341' title='bbox 223 3317 435 3398; x_wconf 79' lang='lat' dir='ltr'><strong>spectu</strong></span> <span class='ocrx_word' id='word_1_342' title='bbox 464 3307 831 3386; x_wconf 54' lang='lat' dir='ltr'><strong>proparurbis</strong></span> <span class='ocrx_word' id='word_1_343' title='bbox 859 3313 1102 3378; x_wconf 85' lang='lat' dir='ltr'><strong>nostrae,</strong></span> <span class='ocrx_word' id='word_1_344' title='bbox 1150 3327 1406 3369; x_wconf 86' lang='lat' dir='ltr'><strong>annuam</strong></span> <span class='ocrx_word' id='word_1_345' title='bbox 1436 3318 1934 3391; x_wconf 73' lang='lat' dir='ltr'><strong>oppugnationem</strong></span> <span class='ocrx_word' id='word_1_346' title='bbox 1962 3309 2218 3392; x_wconf 84' lang='lat' dir='ltr'><strong>perferre</strong></span> 
     </span>
     <span class='ocr_line' id='line_1_41' title="bbox 223 3384 2215 3470; baseline 0.004 -28"><span class='ocrx_word' id='word_1_347' title='bbox 223 3392 432 3466; x_wconf 74' lang='lat' dir='ltr'><strong>piget:</strong></span> <span class='ocrx_word' id='word_1_348' title='bbox 477 3387 727 3454; x_wconf 88' lang='lat' dir='ltr'><strong>scilicet,</strong></span> <span class='ocrx_word' id='word_1_349' title='bbox 781 3384 922 3464; x_wconf 88' lang='lat' dir='ltr'><strong>quia</strong></span> <span class='ocrx_word' id='word_1_350' title='bbox 964 3386 1114 3446; x_wconf 84' lang='lat' dir='ltr'><strong>levis</strong></span> <span class='ocrx_word' id='word_1_351' title='bbox 1157 3407 1337 3446; x_wconf 85' lang='lat' dir='ltr'><strong>causa</strong></span> <span class='ocrx_word' id='word_1_352' title='bbox 1362 3388 1508 3448; x_wconf 88' lang='lat' dir='ltr'><strong>belli</strong></span> <span class='ocrx_word' id='word_1_353' title='bbox 1530 3400 1641 3460; x_wconf 83' lang='lat' dir='ltr'><strong>est,</strong></span> <span class='ocrx_word' id='word_1_354' title='bbox 1693 3410 1805 3450; x_wconf 86' lang='lat' dir='ltr'><strong>nec</strong></span> <span class='ocrx_word' id='word_1_355' title='bbox 1862 3391 2005 3451; x_wconf 85' lang='lat' dir='ltr'><strong>satis</strong></span> <span class='ocrx_word' id='word_1_356' title='bbox 2046 3391 2215 3470; x_wconf 89' lang='lat' dir='ltr'><strong>quid-</strong></span> 
     </span>
     <span class='ocr_line' id='line_1_42' title="bbox 220 3465 2216 3548; baseline 0.006 -28"><span class='ocrx_word' id='word_1_357' title='bbox 220 3483 400 3542; x_wconf 88' lang='lat' dir='ltr'><strong>quam</strong></span> <span class='ocrx_word' id='word_1_358' title='bbox 424 3466 577 3542; x_wconf 84' lang='lat' dir='ltr'><strong>justi</strong></span> <span class='ocrx_word' id='word_1_359' title='bbox 604 3465 824 3524; x_wconf 83' lang='lat' dir='ltr'><strong>doloris</strong></span> <span class='ocrx_word' id='word_1_360' title='bbox 853 3470 963 3534; x_wconf 86' lang='lat' dir='ltr'><strong>est,</strong></span> <span class='ocrx_word' id='word_1_361' title='bbox 1017 3466 1175 3544; x_wconf 90' lang='lat' dir='ltr'><strong>quod</strong></span> <span class='ocrx_word' id='word_1_362' title='bbox 1222 3485 1329 3526; x_wconf 87' lang='lat' dir='ltr'><strong>nos</strong></span> <span class='ocrx_word' id='word_1_363' title='bbox 1372 3465 1449 3526; x_wconf 67' lang='lat' dir='ltr'><strong>&#39;ad</strong></span> <span class='ocrx_word' id='word_1_364' title='bbox 1480 3469 1983 3548; x_wconf 85' lang='lat' dir='ltr'><strong>perseverandum</strong></span> <span class='ocrx_word' id='word_1_365' title='bbox 2012 3472 2216 3532; x_wconf 86' lang='lat' dir='ltr'><strong>stimu-</strong></span> 
     </span>
     <span class='ocr_line' id='line_1_43' title="bbox 222 3538 2217 3627; baseline 0.007 -32"><span class='ocrx_word' id='word_1_366' title='bbox 222 3538 326 3596; x_wconf 86' lang='lat' dir='ltr'><strong>let.</strong></span> <span class='ocrx_word' id='word_1_367' title='bbox 409 3544 643 3621; x_wconf 80' lang='lat' dir='ltr'><strong>Septies</strong></span> <span class='ocrx_word' id='word_1_368' title='bbox 693 3545 1074 3612; x_wconf 83' lang='lat' dir='ltr'><strong>rebellarunt,</strong></span> <span class='ocrx_word' id='word_1_369' title='bbox 1124 3545 1188 3603; x_wconf 88' lang='lat' dir='ltr'><strong>in</strong></span> <span class='ocrx_word' id='word_1_370' title='bbox 1238 3566 1383 3625; x_wconf 89' lang='lat' dir='ltr'><strong>pace</strong></span> <span class='ocrx_word' id='word_1_371' title='bbox 1410 3566 1717 3627; x_wconf 89' lang='lat' dir='ltr'><strong>nunquam</strong></span> <span class='ocrx_word' id='word_1_372' title='bbox 1767 3550 1886 3608; x_wconf 92' lang='lat' dir='ltr'><strong>fide</strong></span> <span class='ocrx_word' id='word_1_373' title='bbox 1934 3551 2217 3610; x_wconf 75' lang='lat' dir='ltr'><strong>fuerunt:</strong></span> 
     </span>
     <span class='ocr_line' id='line_1_44' title="bbox 221 3623 2215 3704; baseline 0.01 -34"><span class='ocrx_word' id='word_1_374' title='bbox 221 3633 392 3692; x_wconf 79' lang='lat' dir='ltr'><strong>agros</strong></span> <span class='ocrx_word' id='word_1_375' title='bbox 445 3629 679 3682; x_wconf 86' lang='lat' dir='ltr'><strong>nostros</strong></span> <span class='ocrx_word' id='word_1_376' title='bbox 722 3623 936 3684; x_wconf 89' lang='lat' dir='ltr'><strong>millies</strong></span> <span class='ocrx_word' id='word_1_377' title='bbox 981 3624 1326 3704; x_wconf 46' lang='lat' dir='ltr'><strong>depopulati</strong></span> <span class='ocrx_word' id='word_1_378' title='bbox 1368 3635 1557 3686; x_wconf 77' lang='lat' dir='ltr'><strong>sunt:</strong></span> <span class='ocrx_word' id='word_1_379' title='bbox 1595 3628 1919 3688; x_wconf 80' lang='lat' dir='ltr'><strong>Fidenates</strong></span> <span class='ocrx_word' id='word_1_380' title='bbox 1960 3630 2215 3690; x_wconf 85' lang='lat' dir='ltr'><strong>deficere</strong></span> 
     </span>
    </p>
   </div>
   <div class='ocr_carea' id='block_1_5' title="bbox 222 3689 2220 3780">
    <p class='ocr_par' dir='ltr' id='par_1_7' title="bbox 222 3689 2220 3780">
     <span class='ocr_line' id='line_1_45' title="bbox 222 3689 2220 3780; baseline 0.015 -34"><span class='ocrx_word' id='word_1_381' title='bbox 222 3689 261 3747; x_wconf 62' lang='lat' dir='ltr'><strong>a</strong></span> <span class='ocrx_word' id='word_1_382' title='bbox 285 3693 454 3752; x_wconf 81' lang='lat' dir='ltr'><strong>nobis</strong></span> <span class='ocrx_word' id='word_1_383' title='bbox 481 3708 850 3780; x_wconf 69' lang='lat' dir='ltr'><strong>coegerunt:</strong></span> <span class='ocrx_word' id='word_1_384' title='bbox 891 3704 1134 3766; x_wconf 84' lang='lat' dir='ltr'><strong>colonos</strong></span> <span class='ocrx_word' id='word_1_385' title='bbox 1181 3713 1418 3768; x_wconf 85' lang='lat' dir='ltr'><strong>nostros</strong></span> <span class='ocrx_word' id='word_1_386' title='bbox 1458 3706 1540 3768; x_wconf 86' lang='lat' dir='ltr'><strong>ibi</strong></span> <span class='ocrx_word' id='word_1_387' title='bbox 1566 3707 2041 3772; x_wconf 74' lang='lat' dir='ltr'><strong>interfecerunt:</strong></span> <span class='ocrx_word' id='word_1_388' title='bbox 2081 3729 2220 3774; x_wconf 64' lang='lat' dir='ltr'><strong>aus·</strong></span> 
     </span>
    </p>
   </div>
   <div class='ocr_carea' id='block_1_6' title="bbox 2367 311 2372 412">
    <p class='ocr_par' dir='ltr' id='par_1_8' title="bbox 2367 311 2372 448">
     <span class='ocr_line' id='line_1_46' title="bbox 2367 311 2372 412; baseline 0 36"><span class='ocrx_word' id='word_1_389' title='bbox 2367 311 2372 412; x_wconf 41' lang='grc' dir='ltr'><strong>’ψ</strong></span> 
     </span>
    </p>
   </div>
   <div class='ocr_carea' id='block_1_7' title="bbox 2368 789 2375 1692">
    <p class='ocr_par' dir='ltr' id='par_1_9' title="bbox 2368 789 2375 1692">
     <span class='ocr_line' id='line_1_47' title="bbox 2368 789 2375 1692; baseline 0 0"><span class='ocrx_word' id='word_1_390' title='bbox 2368 789 2375 1692; x_wconf 95' lang='lat' dir='ltr'><strong> </strong></span> 
     </span>
    </p>
   </div>
   <div class='ocr_carea' id='block_1_8' title="bbox 2369 789 2376 1982">
    <p class='ocr_par' dir='ltr' id='par_1_10' title="bbox 2369 789 2376 1982">
     <span class='ocr_line' id='line_1_48' title="bbox 2369 789 2376 1982; baseline 0 0"><span class='ocrx_word' id='word_1_391' title='bbox 2369 789 2376 1982; x_wconf 95' lang='lat' dir='ltr'><strong> </strong></span> 
     </span>
    </p>
   </div>
  </div>
 </body>
</html>
