<?xml version="1.0" encoding="UTF-8"?>
<!DOCTYPE html PUBLIC "-//W3C//DTD XHTML 1.0 Transitional//EN"
    "http://www.w3.org/TR/xhtml1/DTD/xhtml1-transitional.dtd">
<html xmlns="http://www.w3.org/1999/xhtml" xml:lang="en" lang="en">
 <head>
  <title>
</title>
<meta http-equiv="Content-Type" content="text/html;charset=utf-8" />
  <meta name='ocr-system' content='tesseract 3.04.00' />
  <meta name='ocr-capabilities' content='ocr_page ocr_carea ocr_par ocr_line ocrx_word'/>
</head>
<body>
  <div class='ocr_page' id='page_1' title='image "./titiliviipatavi00livigoog_0241.png"; bbox 0 0 2400 4109; ppageno 0'>
   <div class='ocr_carea' id='block_1_1' title="bbox 977 149 2169 214">
    <p class='ocr_par' dir='ltr' id='par_1_1' title="bbox 977 149 2169 214">
     <span class='ocr_line' id='line_1_1' title="bbox 977 149 2169 214; baseline 0.003 -4"><span class='ocrx_word' id='word_1_1' title='bbox 977 149 1237 212; x_wconf 82' lang='lat' dir='ltr'>LIBER</span> <span class='ocrx_word' id='word_1_2' title='bbox 1264 151 1375 210; x_wconf 75' lang='lat' dir='ltr'><strong>lv.</strong></span> <span class='ocrx_word' id='word_1_3' title='bbox 2048 155 2169 214; x_wconf 75' lang='lat'><strong>207</strong></span> 
     </span>
    </p>
   </div>
   <div class='ocr_carea' id='block_1_2' title="bbox 25 271 2167 402">
    <p class='ocr_par' dir='ltr' id='par_1_2' title="bbox 25 271 2167 402">
     <span class='ocr_line' id='line_1_2' title="bbox 25 271 2167 402; baseline 0.001 -33"><span class='ocrx_word' id='word_1_4' title='bbox 25 307 32 328; x_wconf 75' lang='lat'>¹</span> <span class='ocrx_word' id='word_1_5' title='bbox 145 277 148 280; x_wconf 19' lang='lat'><strong>⁴</strong></span> <span class='ocrx_word' id='word_1_6' title='bbox 229 271 442 370; x_wconf 59' lang='lat' dir='ltr'>XL‘V.</span> <span class='ocrx_word' id='word_1_7' title='bbox 481 309 715 378; x_wconf 79' lang='lat' dir='ltr'><strong>Annus,</strong></span> <span class='ocrx_word' id='word_1_8' title='bbox 761 304 1052 401; x_wconf 69' lang='lat' dir='ltr'><strong>felicitate</strong></span> <span class='ocrx_word' id='word_1_9' title='bbox 1097 309 1305 402; x_wconf 85' lang='lat' dir='ltr'><strong>populi</strong></span> <span class='ocrx_word' id='word_1_10' title='bbox 1352 308 1625 379; x_wconf 84' lang='lat' dir='ltr'><strong>Romani,</strong></span> <span class='ocrx_word' id='word_1_11' title='bbox 1676 307 1941 390; x_wconf 82' lang='lat' dir='ltr'><strong>periculo</strong></span> <span class='ocrx_word' id='word_1_12' title='bbox 1970 309 2167 390; x_wconf 70' lang='lat' dir='ltr'><strong>potius</strong></span> 
     </span>
    </p>
   </div>
   <div class='ocr_carea' id='block_1_3' title="bbox 26 2399 45 2624">
    <p class='ocr_par' dir='ltr' id='par_1_3' title="bbox 26 2315 45 2624">
     <span class='ocr_line' id='line_1_3' title="bbox 26 2399 45 2624; baseline 0 -226"><span class='ocrx_word' id='word_1_13' title='bbox 26 2399 45 2624; x_wconf 34' lang='lat' dir='ltr'><strong>f</strong></span> 
     </span>
    </p>
   </div>
   <div class='ocr_carea' id='block_1_4' title="bbox 169 387 2193 1196">
    <p class='ocr_par' dir='ltr' id='par_1_4' title="bbox 169 387 2193 1196">
     <span class='ocr_line' id='line_1_4' title="bbox 173 387 2169 470; baseline 0.001 -23"><span class='ocrx_word' id='word_1_14' title='bbox 173 387 416 470; x_wconf 84' lang='lat' dir='ltr'><strong>ingenti,</strong></span> <span class='ocrx_word' id='word_1_15' title='bbox 459 389 637 468; x_wconf 68' lang='lat' dir='ltr'><strong>quam</strong></span> <span class='ocrx_word' id='word_1_16' title='bbox 667 389 857 459; x_wconf 87' lang='lat' dir='ltr'><strong>clade,</strong></span> <span class='ocrx_word' id='word_1_17' title='bbox 903 389 1170 470; x_wconf 72' lang='lat' dir='ltr'><strong>inmgms.</strong></span> <span class='ocrx_word' id='word_1_18' title='bbox 1254 389 1527 458; x_wconf 87' lang='lat' dir='ltr'><strong>Servitia,</strong></span> <span class='ocrx_word' id='word_1_19' title='bbox 1552 391 1759 448; x_wconf 90' lang='lat' dir='ltr'><strong>urbem</strong></span> <span class='ocrx_word' id='word_1_20' title='bbox 1784 395 1853 449; x_wconf 90' lang='lat' dir='ltr'><strong>ut</strong></span> <span class='ocrx_word' id='word_1_21' title='bbox 1877 389 2169 450; x_wconf 88' lang='lat' dir='ltr'><strong>incende-</strong></span> 
     </span>
     <span class='ocr_line' id='line_1_5' title="bbox 171 469 2170 549; baseline 0.001 -22"><span class='ocrx_word' id='word_1_22' title='bbox 171 474 305 528; x_wconf 87' lang='lat' dir='ltr'><strong>rent</strong></span> <span class='ocrx_word' id='word_1_23' title='bbox 331 469 691 529; x_wconf 83' lang='lat' dir='ltr'><strong>distantibus</strong></span> <span class='ocrx_word' id='word_1_24' title='bbox 717 469 887 538; x_wconf 81' lang='lat' dir='ltr'><strong>lociS,</strong></span> <span class='ocrx_word' id='word_1_25' title='bbox 917 471 1303 549; x_wconf 81' lang='lat' dir='ltr'><strong>conjurarunt</strong></span> <span class='ocrx_word' id='word_1_26' title='bbox 1330 489 1347 538; x_wconf 99' lang='lat'><em>3</em></span> <span class='ocrx_word' id='word_1_27' title='bbox 1388 487 1465 549; x_wconf 88' lang='lat' dir='ltr'><strong>po</strong></span> <span class='ocrx_word' id='word_1_28' title='bbox 1507 469 1727 547; x_wconf 87' lang='lat' dir='ltr'><strong>uloque</strong></span> <span class='ocrx_word' id='word_1_29' title='bbox 1746 469 1823 528; x_wconf 88' lang='lat' dir='ltr'><strong>ad</strong></span> <span class='ocrx_word' id='word_1_30' title='bbox 1841 489 2011 548; x_wconf 87' lang='lat' dir='ltr'><strong>opem</strong></span> <span class='ocrx_word' id='word_1_31' title='bbox 2030 487 2170 549; x_wconf 81' lang='lat' dir='ltr'><strong>pas-</strong></span> 
     </span>
     <span class='ocr_line' id='line_1_6' title="bbox 172 547 2170 640; baseline 0.001 -33"><span class='ocrx_word' id='word_1_32' title='bbox 172 548 284 608; x_wconf 87' lang='lat' dir='ltr'><strong>sim</strong></span> <span class='ocrx_word' id='word_1_33' title='bbox 304 549 614 608; x_wconf 87' lang='lat' dir='ltr'><strong>ferendam</strong></span> <span class='ocrx_word' id='word_1_34' title='bbox 645 549 822 609; x_wconf 87' lang='lat' dir='ltr'><strong>tectis</strong></span> <span class='ocrx_word' id='word_1_35' title='bbox 848 548 1100 617; x_wconf 83' lang='lat' dir='ltr'><strong>intente,</strong></span> <span class='ocrx_word' id='word_1_36' title='bbox 1127 555 1195 608; x_wconf 89' lang='lat' dir='ltr'><strong>ut</strong></span> <span class='ocrx_word' id='word_1_37' title='bbox 1222 569 1419 608; x_wconf 86' lang='lat' dir='ltr'><strong>arcem</strong></span> <span class='ocrx_word' id='word_1_38' title='bbox 1502 547 1929 640; x_wconf 83' lang='lat' dir='ltr'><strong>apitoliumque</strong></span> <span class='ocrx_word' id='word_1_39' title='bbox 1957 547 2170 610; x_wconf 83' lang='lat' dir='ltr'><strong>armati</strong></span> 
     </span>
     <span class='ocr_line' id='line_1_7' title="bbox 174 627 2173 708; baseline 0.001 -22"><span class='ocrx_word' id='word_1_40' title='bbox 174 633 552 708; x_wconf 88' lang='lat' dir='ltr'><strong>occuparent.</strong></span> <span class='ocrx_word' id='word_1_41' title='bbox 633 627 878 688; x_wconf 71' lang='lat' dir='ltr'><strong>Avertit</strong></span> <span class='ocrx_word' id='word_1_42' title='bbox 914 627 1173 706; x_wconf 83' lang='lat' dir='ltr'><strong>nefanda</strong></span> <span class='ocrx_word' id='word_1_43' title='bbox 1216 627 1791 708; x_wconf 64' lang='lat' dir='ltr'><strong>consiliadupiterz</strong></span> <span class='ocrx_word' id='word_1_44' title='bbox 1831 628 2053 688; x_wconf 76' lang='lat' dir='ltr'><strong>indicio</strong></span> <span class='ocrx_word' id='word_1_45' title='bbox 2094 647 2173 688; x_wconf 81' lang='lat' dir='ltr'><strong>ue</strong></span> 
     </span>
     <span class='ocr_line' id='line_1_8' title="bbox 175 706 2193 805; baseline 0.002 -41"><span class='ocrx_word' id='word_1_46' title='bbox 175 706 426 768; x_wconf 88' lang='lat' dir='ltr'><strong>duorum</strong></span> <span class='ocrx_word' id='word_1_47' title='bbox 455 707 865 788; x_wconf 74' lang='lat' dir='ltr'>comprehensi</span> <span class='ocrx_word' id='word_1_48' title='bbox 918 713 1119 777; x_wconf 85' lang='lat' dir='ltr'><strong>sontes</strong></span> <span class='ocrx_word' id='word_1_49' title='bbox 1145 727 1354 788; x_wconf 68' lang='lat' dir='ltr'><strong>poenas</strong></span> <span class='ocrx_word' id='word_1_50' title='bbox 1382 707 1677 769; x_wconf 84' lang='lat' dir='ltr'><strong>dederunt</strong></span> <span class='ocrx_word' id='word_1_51' title='bbox 1702 727 1723 778; x_wconf 95' lang='lat'><em>3</em></span> <span class='ocrx_word' id='word_1_52' title='bbox 1764 706 2020 768; x_wconf 82' lang='lat' dir='ltr'><strong>idicibus</strong></span> <span class='ocrx_word' id='word_1_53' title='bbox 2100 706 2193 805; x_wconf 58' lang='lat' dir='ltr'><strong>e.-⁸</strong></span> 
     </span>
     <span class='ocr_line' id='line_1_9' title="bbox 171 785 2174 869; baseline 0.001 -24"><span class='ocrx_word' id='word_1_54' title='bbox 171 805 252 846; x_wconf 82' lang='lat' dir='ltr'><strong>na</strong></span> <span class='ocrx_word' id='word_1_55' title='bbox 278 785 466 848; x_wconf 85' lang='lat' dir='ltr'><strong>millia</strong></span> <span class='ocrx_word' id='word_1_56' title='bbox 505 787 702 869; x_wconf 87' lang='lat' dir='ltr'><strong>gravis</strong></span> <span class='ocrx_word' id='word_1_57' title='bbox 739 787 894 856; x_wconf 78' lang='lat' dir='ltr'><strong>aeriS,</strong></span> <span class='ocrx_word' id='word_1_58' title='bbox 943 807 1075 866; x_wconf 79' lang='lat' dir='ltr'><strong>quae</strong></span> <span class='ocrx_word' id='word_1_59' title='bbox 1102 793 1233 846; x_wconf 86' lang='lat' dir='ltr'><strong>tum</strong></span> <span class='ocrx_word' id='word_1_60' title='bbox 1256 787 1483 851; x_wconf 74' lang='lat' dir='ltr'><strong>divitiae</strong></span> <span class='ocrx_word' id='word_1_61' title='bbox 1510 787 1892 855; x_wconf 77' lang='lat' dir='ltr'><strong>habebantur,</strong></span> <span class='ocrx_word' id='word_1_62' title='bbox 1920 807 1995 846; x_wconf 83' lang='lat' dir='ltr'><strong>ex</strong></span> <span class='ocrx_word' id='word_1_63' title='bbox 2026 807 2174 848; x_wconf 79' lang='lat' dir='ltr'><strong>aera-</strong></span> 
     </span>
     <span class='ocr_line' id='line_1_10' title="bbox 169 865 2173 948; baseline 0.001 -23"><span class='ocrx_word' id='word_1_64' title='bbox 169 866 260 926; x_wconf 92' lang='lat' dir='ltr'><strong>rio</strong></span> <span class='ocrx_word' id='word_1_65' title='bbox 300 873 632 945; x_wconf 80' lang='lat' dir='ltr'><strong>numerata,</strong></span> <span class='ocrx_word' id='word_1_66' title='bbox 681 871 742 928; x_wconf 91' lang='lat' dir='ltr'><strong>et</strong></span> <span class='ocrx_word' id='word_1_67' title='bbox 780 866 1024 928; x_wconf 86' lang='lat' dir='ltr'><strong>libertas</strong></span> <span class='ocrx_word' id='word_1_68' title='bbox 1076 865 1390 948; x_wconf 76' lang='lat' dir='ltr'><strong>praemium</strong></span> <span class='ocrx_word' id='word_1_69' title='bbox 1418 866 1551 926; x_wconf 87' lang='lat' dir='ltr'><strong>fuit.</strong></span> <span class='ocrx_word' id='word_1_70' title='bbox 1630 867 1865 927; x_wconf 88' lang='lat' dir='ltr'><strong>Bellum</strong></span> <span class='ocrx_word' id='word_1_71' title='bbox 1916 866 2059 926; x_wconf 89' lang='lat' dir='ltr'><strong>inde</strong></span> <span class='ocrx_word' id='word_1_72' title='bbox 2100 869 2173 928; x_wconf 87' lang='lat' dir='ltr'><strong>ab</strong></span> 
     </span>
     <span class='ocr_line' id='line_1_11' title="bbox 172 945 2178 1026; baseline 0 -20"><span class='ocrx_word' id='word_1_73' title='bbox 172 945 398 1023; x_wconf 82' lang='lat' dir='ltr'><strong>AEquis</strong></span> <span class='ocrx_word' id='word_1_74' title='bbox 440 946 701 1025; x_wconf 75' lang='lat' dir='ltr'><strong>reparari</strong></span> <span class='ocrx_word' id='word_1_75' title='bbox 728 951 1036 1026; x_wconf 84' lang='lat' dir='ltr'><strong>coeptum:</strong></span> <span class='ocrx_word' id='word_1_76' title='bbox 1077 952 1158 1014; x_wconf 88' lang='lat' dir='ltr'><strong>et,</strong></span> <span class='ocrx_word' id='word_1_77' title='bbox 1204 963 1387 1006; x_wconf 81' lang='lat' dir='ltr'><strong>novos</strong></span> <span class='ocrx_word' id='word_1_78' title='bbox 1428 945 1627 1006; x_wconf 88' lang='lat' dir='ltr'><strong>hostes</strong></span> <span class='ocrx_word' id='word_1_79' title='bbox 1655 945 1989 1006; x_wconf 85' lang='lat' dir='ltr'><strong>Lavicanos</strong></span> <span class='ocrx_word' id='word_1_80' title='bbox 2031 966 2178 1006; x_wconf 88' lang='lat' dir='ltr'><strong>con-</strong></span> 
     </span>
     <span class='ocr_line' id='line_1_12' title="bbox 175 1023 2177 1106; baseline 0.003 -22"><span class='ocrx_word' id='word_1_81' title='bbox 175 1023 316 1084; x_wconf 74' lang='lat' dir='ltr'><strong>silia</strong></span> <span class='ocrx_word' id='word_1_82' title='bbox 343 1045 480 1084; x_wconf 87' lang='lat' dir='ltr'><strong>cum</strong></span> <span class='ocrx_word' id='word_1_83' title='bbox 507 1024 806 1085; x_wconf 83' lang='lat' dir='ltr'><strong>veteribus</strong></span> <span class='ocrx_word' id='word_1_84' title='bbox 817 1027 1092 1106; x_wconf 83' lang='lat' dir='ltr'><strong>jungere,</strong></span> <span class='ocrx_word' id='word_1_85' title='bbox 1119 1025 1281 1084; x_wconf 87' lang='lat' dir='ltr'><strong>haud</strong></span> <span class='ocrx_word' id='word_1_86' title='bbox 1302 1025 1548 1099; x_wconf 84' lang='lat' dir='ltr'><strong>incertis</strong></span> <span class='ocrx_word' id='word_1_87' title='bbox 1566 1025 1905 1085; x_wconf 83' lang='lat' dir='ltr'><strong>auctoribus</strong></span> <span class='ocrx_word' id='word_1_88' title='bbox 1926 1027 2177 1090; x_wconf 80' lang='lat' dir='ltr'><strong>Romam</strong></span> 
     </span>
     <span class='ocr_line' id='line_1_13' title="bbox 173 1103 2176 1196; baseline 0.002 -34"><span class='ocrx_word' id='word_1_89' title='bbox 173 1109 277 1162; x_wconf 82' lang='lat' dir='ltr'><strong>est</strong></span> <span class='ocrx_word' id='word_1_90' title='bbox 302 1104 569 1172; x_wconf 67' lang='lat' dir='ltr'><strong>allamma</strong></span> <span class='ocrx_word' id='word_1_91' title='bbox 647 1107 980 1196; x_wconf 64' lang='lat' dir='ltr'><strong>AEqnorurn</strong></span> <span class='ocrx_word' id='word_1_92' title='bbox 991 1107 1120 1184; x_wconf 89' lang='lat' dir='ltr'><strong>jam</strong></span> <span class='ocrx_word' id='word_1_93' title='bbox 1145 1105 1311 1164; x_wconf 89' lang='lat' dir='ltr'><strong>velut</strong></span> <span class='ocrx_word' id='word_1_94' title='bbox 1337 1103 1753 1165; x_wconf 82' lang='lat' dir='ltr'><strong>anniversariis</strong></span> <span class='ocrx_word' id='word_1_95' title='bbox 1781 1104 1958 1165; x_wconf 87' lang='lat' dir='ltr'><strong>armis</strong></span> <span class='ocrx_word' id='word_1_96' title='bbox 2007 1125 2176 1166; x_wconf 83' lang='lat' dir='ltr'><strong>assu-</strong></span> 
     </span>
    </p>
   </div>
   <div class='ocr_carea' id='block_1_5' title="bbox 108 1181 2180 1276">
    <p class='ocr_par' dir='ltr' id='par_1_5' title="bbox 108 1181 2180 1276">
     <span class='ocr_line' id='line_1_14' title="bbox 108 1181 2180 1276; baseline -0 -31"><span class='ocrx_word' id='word_1_97' title='bbox 108 1232 121 1245; x_wconf 90' lang='lat'><strong><em>.</em></strong></span> <span class='ocrx_word' id='word_1_98' title='bbox 173 1188 310 1242; x_wconf 81' lang='lat' dir='ltr'><strong>erat</strong></span> <span class='ocrx_word' id='word_1_99' title='bbox 339 1181 564 1242; x_wconf 86' lang='lat' dir='ltr'><strong>civitas.</strong></span> <span class='ocrx_word' id='word_1_100' title='bbox 651 1184 908 1244; x_wconf 80' lang='lat' dir='ltr'><strong>Lavlcos</strong></span> <span class='ocrx_word' id='word_1_101' title='bbox 935 1183 1119 1264; x_wconf 80' lang='lat' dir='ltr'><strong>legati</strong></span> <span class='ocrx_word' id='word_1_102' title='bbox 1141 1184 1307 1244; x_wconf 85' lang='lat' dir='ltr'><strong>missi</strong></span> <span class='ocrx_word' id='word_1_103' title='bbox 1328 1204 1512 1264; x_wconf 85' lang='lat' dir='ltr'><strong>quum</strong></span> <span class='ocrx_word' id='word_1_104' title='bbox 1538 1203 1821 1276; x_wconf 72' lang='lat' dir='ltr'><strong>responsa</strong></span> <span class='ocrx_word' id='word_1_105' title='bbox 1846 1183 1987 1244; x_wconf 89' lang='lat' dir='ltr'><strong>inde</strong></span> <span class='ocrx_word' id='word_1_106' title='bbox 2014 1193 2180 1244; x_wconf 88' lang='lat' dir='ltr'><strong>retu-</strong></span> 
     </span>
    </p>
   </div>
   <div class='ocr_carea' id='block_1_6' title="bbox 173 1262 2263 1664">
    <p class='ocr_par' dir='ltr' id='par_1_6' title="bbox 173 1262 2263 1664">
     <span class='ocr_line' id='line_1_15' title="bbox 174 1262 2263 1344; baseline 0.003 -22"><span class='ocrx_word' id='word_1_107' title='bbox 174 1263 392 1322; x_wconf 88' lang='lat' dir='ltr'><strong>lissent</strong></span> <span class='ocrx_word' id='word_1_108' title='bbox 413 1262 608 1332; x_wconf 89' lang='lat' dir='ltr'><strong>dubia,</strong></span> <span class='ocrx_word' id='word_1_109' title='bbox 636 1263 867 1341; x_wconf 82' lang='lat' dir='ltr'><strong>quibuS‚</strong></span> <span class='ocrx_word' id='word_1_110' title='bbox 894 1284 1005 1324; x_wconf 90' lang='lat' dir='ltr'><strong>nec</strong></span> <span class='ocrx_word' id='word_1_111' title='bbox 1033 1270 1163 1323; x_wconf 89' lang='lat' dir='ltr'><strong>tum</strong></span> <span class='ocrx_word' id='word_1_112' title='bbox 1189 1263 1415 1327; x_wconf 86' lang='lat' dir='ltr'><strong>bellum</strong></span> <span class='ocrx_word' id='word_1_113' title='bbox 1441 1283 1658 1344; x_wconf 76' lang='lat' dir='ltr'><strong>parari,</strong></span> <span class='ocrx_word' id='word_1_114' title='bbox 1697 1283 1809 1323; x_wconf 87' lang='lat' dir='ltr'><strong>nec</strong></span> <span class='ocrx_word' id='word_1_115' title='bbox 1836 1263 2179 1328; x_wconf 83' lang='lat' dir='ltr'><strong>diuturnam</strong></span> <span class='ocrx_word' id='word_1_116' title='bbox 2254 1287 2263 1296; x_wconf 90' lang='lat'><em>·</em></span> 
     </span>
     <span class='ocr_line' id='line_1_16' title="bbox 173 1341 2177 1426; baseline 0.001 -26"><span class='ocrx_word' id='word_1_117' title='bbox 173 1361 388 1422; x_wconf 85' lang='lat' dir='ltr'><strong>pacem</strong></span> <span class='ocrx_word' id='word_1_118' title='bbox 429 1341 574 1411; x_wconf 86' lang='lat' dir='ltr'><strong>fore,</strong></span> <span class='ocrx_word' id='word_1_119' title='bbox 619 1349 973 1422; x_wconf 78' lang='lat' dir='ltr'><strong>appareret:</strong></span> <span class='ocrx_word' id='word_1_120' title='bbox 1016 1343 1384 1404; x_wconf 81' lang='lat' dir='ltr'>Tusculanis</span> <span class='ocrx_word' id='word_1_121' title='bbox 1415 1342 1718 1426; x_wconf 83' lang='lat' dir='ltr'><strong>negotium</strong></span> <span class='ocrx_word' id='word_1_122' title='bbox 1746 1343 1970 1413; x_wconf 87' lang='lat' dir='ltr'><strong>datum,</strong></span> <span class='ocrx_word' id='word_1_123' title='bbox 2012 1356 2047 1380; x_wconf 80' lang='lat'><strong>‘⁶</strong></span> <span class='ocrx_word' id='word_1_124' title='bbox 2069 1344 2177 1403; x_wconf 86' lang='lat' dir='ltr'><strong>ad·</strong></span> 
     </span>
     <span class='ocr_line' id='line_1_17' title="bbox 176 1421 2182 1502; baseline 0.001 -22"><span class='ocrx_word' id='word_1_125' title='bbox 176 1426 482 1482; x_wconf 84' lang='lat' dir='ltr'><strong>verterent</strong></span> <span class='ocrx_word' id='word_1_126' title='bbox 527 1422 772 1491; x_wconf 61' lang='lat' dir='ltr'><strong>animm,</strong></span> <span class='ocrx_word' id='word_1_127' title='bbox 799 1421 1044 1502; x_wconf 84' lang='lat' dir='ltr'><strong>nequid</strong></span> <span class='ocrx_word' id='word_1_128' title='bbox 1091 1423 1232 1483; x_wconf 83' lang='lat' dir='ltr'><strong>novi</strong></span> <span class='ocrx_word' id='word_1_129' title='bbox 1262 1423 1554 1484; x_wconf 71' lang='lat' dir='ltr'><strong>tumultus</strong></span> <span class='ocrx_word' id='word_1_130' title='bbox 1583 1422 1829 1483; x_wconf 72' lang='lat' dir='ltr'><strong>Lavicis</strong></span> <span class='ocrx_word' id='word_1_131' title='bbox 1862 1423 2182 1482; x_wconf 76' lang='lat' dir='ltr'><strong>oriretur-’⁹</strong></span> 
     </span>
     <span class='ocr_line' id='line_1_18' title="bbox 179 1499 2181 1581; baseline 0 -19"><span class='ocrx_word' id='word_1_132' title='bbox 179 1499 284 1562; x_wconf 80' lang='lat' dir='ltr'><strong>Ad</strong></span> <span class='ocrx_word' id='word_1_133' title='bbox 337 1501 708 1580; x_wconf 85' lang='lat' dir='ltr'><strong>insequentis</strong></span> <span class='ocrx_word' id='word_1_134' title='bbox 762 1502 902 1562; x_wconf 86' lang='lat' dir='ltr'><strong>anni</strong></span> <span class='ocrx_word' id='word_1_135' title='bbox 918 1502 1197 1563; x_wconf 51' lang='lat' dir='ltr'><strong>‘tribunos</strong></span> <span class='ocrx_word' id='word_1_136' title='bbox 1226 1503 1481 1563; x_wconf 84' lang='lat' dir='ltr'><strong>militum</strong></span> <span class='ocrx_word' id='word_1_137' title='bbox 1524 1500 1822 1563; x_wconf 70' lang='lat' dir='ltr'><strong>consulari</strong></span> <span class='ocrx_word' id='word_1_138' title='bbox 1866 1508 2181 1581; x_wconf 82' lang='lat' dir='ltr'><strong>potestate,</strong></span> 
     </span>
     <span class='ocr_line' id='line_1_19' title="bbox 175 1579 2181 1664; baseline 0.001 -24"><span class='ocrx_word' id='word_1_139' title='bbox 175 1579 332 1640; x_wconf 88' lang='lat' dir='ltr'><strong>inito</strong></span> <span class='ocrx_word' id='word_1_140' title='bbox 357 1581 727 1664; x_wconf 85' lang='lat' dir='ltr'><strong>magistratu,</strong></span> <span class='ocrx_word' id='word_1_141' title='bbox 773 1581 968 1662; x_wconf 76' lang='lat' dir='ltr'><strong>&#39;legati‘</strong></span> <span class='ocrx_word' id='word_1_142' title='bbox 1014 1585 1086 1641; x_wconf 93' lang='lat' dir='ltr'><strong>ab</strong></span> <span class='ocrx_word' id='word_1_143' title='bbox 1113 1581 1383 1641; x_wconf 85' lang='lat' dir='ltr'><strong>Tusculo</strong></span> <span class='ocrx_word' id='word_1_144' title='bbox 1436 1583 1750 1650; x_wconf 85' lang='lat' dir='ltr'><strong>venerunt,</strong></span> <span class='ocrx_word' id='word_1_145' title='bbox 1802 1583 1879 1640; x_wconf 86' lang='lat' dir='ltr'><strong>L.</strong></span> <span class='ocrx_word' id='word_1_146' title='bbox 1908 1581 2181 1660; x_wconf 80' lang='lat' dir='ltr'><strong>Sergium</strong></span> 
     </span>
    </p>
   </div>
   <div class='ocr_carea' id='block_1_7' title="bbox 167 1659 2183 1742">
    <p class='ocr_par' dir='ltr' id='par_1_7' title="bbox 167 1659 2183 1742">
     <span class='ocr_line' id='line_1_20' title="bbox 167 1659 2183 1742; baseline 0 -22"><span class='ocrx_word' id='word_1_147' title='bbox 167 1659 552 1730; x_wconf 85' lang='lat' dir='ltr'><strong>Fidenatem,</strong></span> <span class='ocrx_word' id='word_1_148' title='bbox 579 1661 671 1720; x_wconf 90' lang='lat' dir='ltr'><strong>M.</strong></span> <span class='ocrx_word' id='word_1_149' title='bbox 698 1659 1002 1740; x_wconf 86' lang='lat' dir='ltr'><strong>Papirium</strong></span> <span class='ocrx_word' id='word_1_150' title='bbox 1041 1659 1464 1742; x_wconf 80' lang='lat' dir='ltr'><strong>Mugillanum,</strong></span> <span class='ocrx_word' id='word_1_151' title='bbox 1508 1661 1581 1719; x_wconf 82' lang='lat' dir='ltr'><strong>G.</strong></span> <span class='ocrx_word' id='word_1_152' title='bbox 1623 1659 1959 1728; x_wconf 85' lang='lat' dir='ltr'><strong>Servilium,</strong></span> <span class='ocrx_word' id='word_1_153' title='bbox 1988 1659 2183 1720; x_wconf 78' lang='lat' dir='ltr'><strong>Prisci</strong></span> 
     </span>
    </p>
   </div>
   <div class='ocr_carea' id='block_1_8' title="bbox 172 1737 2188 1991">
    <p class='ocr_par' dir='ltr' id='par_1_8' title="bbox 172 1737 2188 1991">
     <span class='ocr_line' id='line_1_21' title="bbox 175 1737 2188 1820; baseline 0 -20"><span class='ocrx_word' id='word_1_154' title='bbox 175 1737 391 1809; x_wconf 86' lang='lat' dir='ltr'><strong>filium,</strong></span> <span class='ocrx_word' id='word_1_155' title='bbox 435 1760 555 1820; x_wconf 90' lang='lat' dir='ltr'><strong>quo</strong></span> <span class='ocrx_word' id='word_1_156' title='bbox 603 1740 896 1800; x_wconf 81' lang='lat' dir='ltr'><strong>dictatore</strong></span> <span class='ocrx_word' id='word_1_157' title='bbox 942 1738 1188 1800; x_wconf 77' lang='lat' dir='ltr'><strong>Fidenae</strong></span> <span class='ocrx_word' id='word_1_158' title='bbox 1240 1745 1431 1818; x_wconf 77' lang='lat' dir='ltr'><strong>captae</strong></span> <span class='ocrx_word' id='word_1_159' title='bbox 1457 1739 1715 1800; x_wconf 52' lang='lat' dir='ltr'><strong>fuerant,</strong></span> <span class='ocrx_word' id='word_1_160' title='bbox 1797 1739 2188 1800; x_wconf 78' lang='lat' dir='ltr'><strong>Nunciabant</strong></span> 
     </span>
     <span class='ocr_line' id='line_1_22' title="bbox 176 1819 2182 1902; baseline 0 -22"><span class='ocrx_word' id='word_1_161' title='bbox 176 1819 397 1902; x_wconf 64' lang='lat' dir='ltr'><strong>legati,</strong></span> <span class='ocrx_word' id='word_1_162' title='bbox 413 1819 760 1883; x_wconf 81' lang='lat' dir='ltr'><strong>Lavicanos·</strong></span> <span class='ocrx_word' id='word_1_163' title='bbox 775 1840 939 1880; x_wconf 89' lang='lat' dir='ltr'><strong>arma</strong></span> <span class='ocrx_word' id='word_1_164' title='bbox 967 1819 1217 1902; x_wconf 81' lang='lat' dir='ltr'><strong>cepisse,</strong></span> <span class='ocrx_word' id='word_1_165' title='bbox 1270 1826 1335 1880; x_wconf 91' lang='lat' dir='ltr'><strong>et</strong></span> <span class='ocrx_word' id='word_1_166' title='bbox 1376 1837 1511 1878; x_wconf 84' lang='lat' dir='ltr'><strong>cum</strong></span> <span class='ocrx_word' id='word_1_167' title='bbox 1554 1819 1889 1899; x_wconf 84' lang='lat' dir='ltr'><strong>AEquorum</strong></span> <span class='ocrx_word' id='word_1_168' title='bbox 1918 1819 2182 1880; x_wconf 74' lang='lat' dir='ltr'><strong>exercitu</strong></span> 
     </span>
     <span class='ocr_line' id='line_1_23' title="bbox 172 1898 2183 1991; baseline -0.001 -31"><span class='ocrx_word' id='word_1_169' title='bbox 172 1899 579 1980; x_wconf 82' lang='lat' dir='ltr'><strong>depopulatos</strong></span> <span class='ocrx_word' id='word_1_170' title='bbox 622 1919 828 1991; x_wconf 77' lang='lat' dir='ltr'><strong>agrum</strong></span> <span class='ocrx_word' id='word_1_171' title='bbox 870 1899 1285 1960; x_wconf 88' lang='lat' dir='ltr'><strong>Tusculanum</strong></span> <span class='ocrx_word' id='word_1_172' title='bbox 1314 1904 1505 1962; x_wconf 82' lang='lat' dir='ltr'><strong>castra</strong></span> <span class='ocrx_word' id='word_1_173' title='bbox 1532 1899 1595 1958; x_wconf 88' lang='lat' dir='ltr'><strong>in</strong></span> <span class='ocrx_word' id='word_1_174' title='bbox 1625 1898 1847 1980; x_wconf 79' lang='lat' dir='ltr'><strong>Algido</strong></span> <span class='ocrx_word' id='word_1_175' title='bbox 1894 1900 2183 1980; x_wconf 85' lang='lat' dir='ltr'><strong>posuisse.</strong></span> 
     </span>
    </p>
   </div>
   <div class='ocr_carea' id='block_1_9' title="bbox 119 1977 2183 2060">
    <p class='ocr_par' dir='ltr' id='par_1_9' title="bbox 119 1977 2183 2060">
     <span class='ocr_line' id='line_1_24' title="bbox 119 1977 2183 2060; baseline 0.001 -23"><span class='ocrx_word' id='word_1_176' title='bbox 119 2039 134 2046; x_wconf 72' lang='grc'><strong>,</strong></span> <span class='ocrx_word' id='word_1_177' title='bbox 177 1979 348 2038; x_wconf 90' lang='lat' dir='ltr'><strong>Tum</strong></span> <span class='ocrx_word' id='word_1_178' title='bbox 370 1977 688 2041; x_wconf 83' lang='lat' dir='ltr'><strong>Lavicams</strong></span> <span class='ocrx_word' id='word_1_179' title='bbox 716 1978 937 2040; x_wconf 87' lang='lat' dir='ltr'><strong>bellum</strong></span> <span class='ocrx_word' id='word_1_180' title='bbox 962 1979 1257 2041; x_wconf 87' lang='lat' dir='ltr'><strong>indictum</strong></span> <span class='ocrx_word' id='word_1_181' title='bbox 1286 1999 1317 2040; x_wconf 73' lang='lat'><strong>:-</strong></span> <span class='ocrx_word' id='word_1_182' title='bbox 1344 1977 1621 2060; x_wconf 80' lang='lat' dir='ltr'><strong>factoque</strong></span> <span class='ocrx_word' id='word_1_183' title='bbox 1644 1981 2183 2050; x_wconf 78' lang='lat' dir='ltr'><strong>senatusconsultO,</strong></span> 
     </span>
    </p>
   </div>
   <div class='ocr_carea' id='block_1_10' title="bbox 171 2056 2264 3331">
    <p class='ocr_par' dir='ltr' id='par_1_10' title="bbox 175 2056 2188 2859">
     <span class='ocr_line' id='line_1_25' title="bbox 177 2056 2185 2128; baseline -0 -10"><span class='ocrx_word' id='word_1_184' title='bbox 177 2061 256 2120; x_wconf 87' lang='lat' dir='ltr'><strong>ut</strong></span> <span class='ocrx_word' id='word_1_185' title='bbox 275 2058 398 2118; x_wconf 88' lang='lat' dir='ltr'><strong>duo</strong></span> <span class='ocrx_word' id='word_1_186' title='bbox 424 2078 498 2118; x_wconf 82' lang='lat' dir='ltr'><strong>ex</strong></span> <span class='ocrx_word' id='word_1_187' title='bbox 518 2056 782 2119; x_wconf 45' lang='lat' dir='ltr'><strong>tribunis*</strong></span> <span class='ocrx_word' id='word_1_188' title='bbox 799 2059 876 2119; x_wconf 85' lang='lat' dir='ltr'><strong>ad</strong></span> <span class='ocrx_word' id='word_1_189' title='bbox 897 2059 1114 2120; x_wconf 79' lang='lat' dir='ltr'><strong>bellum</strong></span> <span class='ocrx_word' id='word_1_190' title='bbox 1212 2058 1717 2128; x_wconf 80' lang='lat' dir='ltr'><strong>roficiscerentur,</strong></span> <span class='ocrx_word' id='word_1_191' title='bbox 1740 2079 1893 2118; x_wconf 88' lang='lat' dir='ltr'><strong>unus</strong></span> <span class='ocrx_word' id='word_1_192' title='bbox 1921 2079 2017 2117; x_wconf 90' lang='lat' dir='ltr'><strong>res</strong></span> <span class='ocrx_word' id='word_1_193' title='bbox 2057 2060 2185 2118; x_wconf 87' lang='lat' dir='ltr'><strong>Ro-</strong></span> 
     </span>
     <span class='ocr_line' id='line_1_26' title="bbox 175 2137 2188 2208; baseline -0.002 -8"><span class='ocrx_word' id='word_1_194' title='bbox 175 2159 296 2200; x_wconf 79' lang='lat' dir='ltr'><strong>mae</strong></span> <span class='ocrx_word' id='word_1_195' title='bbox 353 2143 609 2206; x_wconf 86' lang='lat' dir='ltr'><strong>curaret,</strong></span> <span class='ocrx_word' id='word_1_196' title='bbox 663 2143 963 2198; x_wconf 80' lang='lat' dir='ltr'><strong>certamen</strong></span> <span class='ocrx_word' id='word_1_197' title='bbox 1011 2137 1209 2198; x_wconf 89' lang='lat' dir='ltr'><strong>subito</strong></span> <span class='ocrx_word' id='word_1_198' title='bbox 1236 2137 1411 2198; x_wconf 40' lang='lat' dir='ltr'><strong>inter,</strong></span> <span class='ocrx_word' id='word_1_199' title='bbox 1440 2137 1709 2200; x_wconf 87' lang='lat' dir='ltr'><strong>tribunos</strong></span> <span class='ocrx_word' id='word_1_200' title='bbox 1764 2144 2077 2208; x_wconf 85' lang='lat' dir='ltr'><strong>exortum3</strong></span> <span class='ocrx_word' id='word_1_201' title='bbox 2119 2157 2188 2196; x_wconf 73' lang='lat' dir='ltr'><strong>se</strong></span> 
     </span>
     <span class='ocr_line' id='line_1_27' title="bbox 177 2215 2183 2310; baseline -0.001 -32"><span class='ocrx_word' id='word_1_202' title='bbox 177 2216 439 2310; x_wconf 84' lang='lat' dir='ltr'><strong>quisque</strong></span> <span class='ocrx_word' id='word_1_203' title='bbox 463 2217 606 2278; x_wconf 88' lang='lat' dir='ltr'><strong>belli</strong></span> <span class='ocrx_word' id='word_1_204' title='bbox 641 2217 859 2278; x_wconf 88' lang='lat' dir='ltr'><strong>ducem</strong></span> <span class='ocrx_word' id='word_1_205' title='bbox 885 2217 1174 2298; x_wconf 80' lang='lat' dir='ltr'><strong>potiorem</strong></span> <span class='ocrx_word' id='word_1_206' title='bbox 1201 2217 1376 2286; x_wconf 89' lang='lat' dir='ltr'><strong>ferre,</strong></span> <span class='ocrx_word' id='word_1_207' title='bbox 1405 2237 1608 2278; x_wconf 88' lang='lat' dir='ltr'><strong>curam</strong></span> <span class='ocrx_word' id='word_1_208' title='bbox 1636 2216 1817 2286; x_wconf 78' lang='lat' dir='ltr'><strong>urbiS‚</strong></span> <span class='ocrx_word' id='word_1_209' title='bbox 1872 2221 1942 2276; x_wconf 85' lang='lat' dir='ltr'><strong>ut</strong></span> <span class='ocrx_word' id='word_1_210' title='bbox 1985 2215 2183 2302; x_wconf 18' lang='lat' dir='ltr'><strong>ingran-</strong></span> 
     </span>
     <span class='ocr_line' id='line_1_28' title="bbox 180 2295 2184 2378; baseline -0.002 -20"><span class='ocrx_word' id='word_1_211' title='bbox 180 2305 312 2358; x_wconf 83' lang='lat' dir='ltr'><strong>tam</strong></span> <span class='ocrx_word' id='word_1_212' title='bbox 337 2297 799 2378; x_wconf 79' lang='lat' dir='ltr'><strong>ignobilemque,</strong></span> <span class='ocrx_word' id='word_1_213' title='bbox 836 2295 1159 2378; x_wconf 85' lang='lat' dir='ltr'><strong>aspernari.</strong></span> <span class='ocrx_word' id='word_1_214' title='bbox 1242 2296 1439 2370; x_wconf 79' lang='lat' dir='ltr'><strong>Quum</strong></span> <span class='ocrx_word' id='word_1_215' title='bbox 1477 2317 1683 2378; x_wconf 81' lang='lat' dir='ltr'><strong>parum</strong></span> <span class='ocrx_word' id='word_1_216' title='bbox 1712 2297 1997 2366; x_wconf 84' lang='lat' dir='ltr'><strong>decorum</strong></span> <span class='ocrx_word' id='word_1_217' title='bbox 2024 2296 2184 2355; x_wconf 82' lang='lat' dir='ltr'><strong>iuter</strong></span> 
     </span>
     <span class='ocr_line' id='line_1_29' title="bbox 183 2375 2187 2458; baseline -0.002 -20"><span class='ocrx_word' id='word_1_218' title='bbox 183 2376 451 2458; x_wconf 80' lang='lat' dir='ltr'><strong>collegas</strong></span> <span class='ocrx_word' id='word_1_219' title='bbox 472 2382 774 2453; x_wconf 79' lang='lat' dir='ltr'><strong>certarnen</strong></span> <span class='ocrx_word' id='word_1_220' title='bbox 801 2375 1133 2436; x_wconf 82' lang='lat' dir='ltr'><strong>mirabundi</strong></span> <span class='ocrx_word' id='word_1_221' title='bbox 1159 2375 1371 2436; x_wconf 85' lang='lat' dir='ltr'><strong>Patres</strong></span> <span class='ocrx_word' id='word_1_222' title='bbox 1406 2377 1839 2457; x_wconf 86' lang='lat' dir='ltr'><strong>conspicerent,</strong></span> <span class='ocrx_word' id='word_1_223' title='bbox 1882 2377 1954 2450; x_wconf 83' lang='lat' dir='ltr'><strong>Q.</strong></span> <span class='ocrx_word' id='word_1_224' title='bbox 1984 2375 2187 2435; x_wconf 83' lang='lat' dir='ltr'><strong>Servi-</strong></span> 
     </span>
     <span class='ocr_line' id='line_1_30' title="bbox 185 2455 2187 2536; baseline -0.001 -20"><span class='ocrx_word' id='word_1_225' title='bbox 185 2457 327 2526; x_wconf 89' lang='lat' dir='ltr'><strong>lius,</strong></span> <span class='ocrx_word' id='word_1_226' title='bbox 352 2467 390 2493; x_wconf 88' lang='lat'><strong>“</strong></span> <span class='ocrx_word' id='word_1_227' title='bbox 409 2455 662 2528; x_wconf 84' lang='lat' dir='ltr'><strong>Quando</strong></span> <span class='ocrx_word' id='word_1_228' title='bbox 687 2473 806 2516; x_wconf 78' lang='lat' dir='ltr'><strong>nec</strong></span> <span class='ocrx_word' id='word_1_229' title='bbox 827 2455 1050 2517; x_wconf 84' lang='lat' dir='ltr'><strong>ordinis</strong></span> <span class='ocrx_word' id='word_1_230' title='bbox 1075 2455 1172 2534; x_wconf 88' lang='lat' dir='ltr'><strong>huj</strong></span> <span class='ocrx_word' id='word_1_231' title='bbox 1184 2473 1252 2514; x_wconf 86' lang='lat' dir='ltr'><strong>us</strong></span> <span class='ocrx_word' id='word_1_232' title='bbox 1278 2455 1469 2524; x_wconf 85' lang='lat' dir='ltr'><strong>ulla‚”</strong></span> <span class='ocrx_word' id='word_1_233' title='bbox 1496 2455 1709 2534; x_wconf 84' lang='lat' dir='ltr'><strong>inquit,</strong></span> <span class='ocrx_word' id='word_1_234' title='bbox 1750 2467 1785 2492; x_wconf 87' lang='lat'><strong>“</strong></span> <span class='ocrx_word' id='word_1_235' title='bbox 1806 2476 1919 2516; x_wconf 90' lang='lat' dir='ltr'><strong>nec</strong></span> <span class='ocrx_word' id='word_1_236' title='bbox 1943 2455 2187 2536; x_wconf 81' lang='lat' dir='ltr'><strong>reipub·</strong></span> 
     </span>
     <span class='ocr_line' id='line_1_31' title="bbox 183 2533 2186 2615; baseline -0.003 -17"><span class='ocrx_word' id='word_1_237' title='bbox 183 2537 328 2598; x_wconf 83' lang='lat' dir='ltr'><strong>licoe</strong></span> <span class='ocrx_word' id='word_1_238' title='bbox 357 2535 451 2596; x_wconf 85' lang='lat' dir='ltr'><strong>est</strong></span> <span class='ocrx_word' id='word_1_239' title='bbox 476 2535 856 2605; x_wconf 86' lang='lat' dir='ltr'><strong>verecundia,</strong></span> <span class='ocrx_word' id='word_1_240' title='bbox 881 2534 1072 2615; x_wconf 79' lang='lat' dir='ltr'><strong>patria</strong></span> <span class='ocrx_word' id='word_1_241' title='bbox 1110 2536 1394 2615; x_wconf 84' lang='lat' dir='ltr'><strong>majestas</strong></span> <span class='ocrx_word' id='word_1_242' title='bbox 1422 2535 1865 2598; x_wconf 85' lang='lat' dir='ltr'><strong>altercationem</strong></span> <span class='ocrx_word' id='word_1_243' title='bbox 1891 2535 2069 2596; x_wconf 81' lang='lat' dir='ltr'><strong>istam</strong></span> <span class='ocrx_word' id='word_1_244' title='bbox 2090 2533 2186 2594; x_wconf 90' lang='lat' dir='ltr'><strong>di-</strong></span> 
     </span>
     <span class='ocr_line' id='line_1_32' title="bbox 185 2613 2185 2694; baseline -0.002 -17"><span class='ocrx_word' id='word_1_245' title='bbox 185 2616 370 2677; x_wconf 88' lang='lat' dir='ltr'><strong>rimet</strong></span> <span class='ocrx_word' id='word_1_246' title='bbox 395 2635 416 2686; x_wconf 91' lang='lat'><em>3</em></span> <span class='ocrx_word' id='word_1_247' title='bbox 455 2615 617 2674; x_wconf 88' lang='lat' dir='ltr'><strong>filius</strong></span> <span class='ocrx_word' id='word_1_248' title='bbox 644 2635 810 2674; x_wconf 88' lang='lat' dir='ltr'><strong>meus</strong></span> <span class='ocrx_word' id='word_1_249' title='bbox 837 2620 1006 2690; x_wconf 83' lang='lat' dir='ltr'><strong>extra</strong></span> <span class='ocrx_word' id='word_1_250' title='bbox 1033 2613 1252 2677; x_wconf 83' lang='lat' dir='ltr'><strong>sortem</strong></span> <span class='ocrx_word' id='word_1_251' title='bbox 1278 2613 1410 2674; x_wconf 88' lang='lat' dir='ltr'><strong>urbi</strong></span> <span class='ocrx_word' id='word_1_252' title='bbox 1435 2613 1699 2694; x_wconf 73' lang='lat' dir='ltr'><strong>praeerit.</strong></span> <span class='ocrx_word' id='word_1_253' title='bbox 1778 2613 2015 2676; x_wconf 87' lang='lat' dir='ltr'><strong>Bellum</strong></span> <span class='ocrx_word' id='word_1_254' title='bbox 2062 2615 2185 2676; x_wconf 89' lang='lat' dir='ltr'><strong>uti-</strong></span> 
     </span>
     <span class='ocr_line' id='line_1_33' title="bbox 187 2693 2186 2775; baseline -0.001 -19"><span class='ocrx_word' id='word_1_255' title='bbox 187 2715 352 2765; x_wconf 89' lang='lat' dir='ltr'><strong>nam,</strong></span> <span class='ocrx_word' id='word_1_256' title='bbox 380 2693 484 2774; x_wconf 88' lang='lat' dir='ltr'><strong>qui</strong></span> <span class='ocrx_word' id='word_1_257' title='bbox 511 2699 817 2775; x_wconf 87' lang='lat' dir='ltr'><strong>appetunt,</strong></span> <span class='ocrx_word' id='word_1_258' title='bbox 831 2693 1811 2774; x_wconf 54' lang='lat' dir='ltr'><strong>*consideratiusconcordiusque,</strong></span> <span class='ocrx_word' id='word_1_259' title='bbox 1858 2693 2039 2775; x_wconf 65' lang='lat' dir='ltr'><strong>quam</strong></span> <span class='ocrx_word' id='word_1_260' title='bbox 2080 2697 2186 2760; x_wconf 72' lang='lat' dir='ltr'><strong>cu-</strong></span> 
     </span>
     <span class='ocr_line' id='line_1_34' title="bbox 187 2763 924 2859; baseline 0.001 -24"><span class='ocrx_word' id='word_1_261' title='bbox 187 2776 383 2859; x_wconf 64' lang='lat' dir='ltr'><strong>piunt,</strong></span> <span class='ocrx_word' id='word_1_262' title='bbox 449 2775 683 2834; x_wconf 85' lang='lat' dir='ltr'><strong>erant.”</strong></span> <span class='ocrx_word' id='word_1_263' title='bbox 702 2763 822 2836; x_wconf 57' lang='lat'><strong>¹²3³*</strong></span> <span class='ocrx_word' id='word_1_264' title='bbox 921 2792 924 2795; x_wconf 86' lang='grc'><strong><em>·</em></strong></span> 
     </span>
    </p>

    <p class='ocr_par' dir='ltr' id='par_1_11' title="bbox 171 2851 2264 3331">
     <span class='ocr_line' id='line_1_35' title="bbox 271 2851 2186 2947; baseline 0 -33"><span class='ocrx_word' id='word_1_265' title='bbox 271 2855 386 2914; x_wconf 90' lang='lat' dir='ltr'><strong>XL</strong></span> <span class='ocrx_word' id='word_1_266' title='bbox 447 2855 498 2913; x_wconf 92' lang='lat' dir='ltr'><strong>I.</strong></span> <span class='ocrx_word' id='word_1_267' title='bbox 537 2853 857 2916; x_wconf 86' lang='lat' dir='ltr'><strong>Delectum</strong></span> <span class='ocrx_word' id='word_1_268' title='bbox 901 2853 1100 2914; x_wconf 86' lang='lat' dir='ltr'><strong>haberi</strong></span> <span class='ocrx_word' id='word_1_269' title='bbox 1127 2873 1249 2914; x_wconf 87' lang='lat' dir='ltr'><strong>non</strong></span> <span class='ocrx_word' id='word_1_270' title='bbox 1291 2861 1367 2912; x_wconf 77' lang='lat' dir='ltr'><strong>ex</strong></span> <span class='ocrx_word' id='word_1_271' title='bbox 1393 2857 1517 2914; x_wconf 83' lang='lat' dir='ltr'><strong>toto</strong></span> <span class='ocrx_word' id='word_1_272' title='bbox 1542 2851 1763 2933; x_wconf 85' lang='lat' dir='ltr'><strong>passim</strong></span> <span class='ocrx_word' id='word_1_273' title='bbox 1790 2855 2007 2947; x_wconf 81' lang='lat' dir='ltr'><strong>populo</strong></span> <span class='ocrx_word' id='word_1_274' title='bbox 2054 2854 2186 2934; x_wconf 86' lang='lat' dir='ltr'><strong>pla-</strong></span> 
     </span>
     <span class='ocr_line' id='line_1_36' title="bbox 171 2931 2187 3014; baseline -0.003 -19"><span class='ocrx_word' id='word_1_275' title='bbox 171 2933 322 3009; x_wconf 39' lang='lat' dir='ltr'><strong>,cuit</strong></span> <span class='ocrx_word' id='word_1_276' title='bbox 350 2953 368 3003; x_wconf 96' lang='lat'><em>3</em></span> <span class='ocrx_word' id='word_1_277' title='bbox 409 2933 621 2993; x_wconf 83' lang='lat' dir='ltr'><strong>decem</strong></span> <span class='ocrx_word' id='word_1_278' title='bbox 661 2933 851 3004; x_wconf 74' lang='lat' dir='ltr'><strong>tribus</strong></span> <span class='ocrx_word' id='word_1_279' title='bbox 891 2939 1049 2992; x_wconf 87' lang='lat' dir='ltr'><strong>sorte</strong></span> <span class='ocrx_word' id='word_1_280' title='bbox 1077 2931 1279 2993; x_wconf 74' lang='lat' dir='ltr'><strong>ductae</strong></span> <span class='ocrx_word' id='word_1_281' title='bbox 1310 2938 1453 2992; x_wconf 90' lang='lat' dir='ltr'><strong>sunt</strong></span> <span class='ocrx_word' id='word_1_282' title='bbox 1480 2953 1499 3002; x_wconf 93' lang='lat'><em>3</em></span> <span class='ocrx_word' id='word_1_283' title='bbox 1524 2951 1615 2990; x_wconf 76' lang='lat' dir='ltr'><strong>-ex</strong></span> <span class='ocrx_word' id='word_1_284' title='bbox 1637 2932 1731 2991; x_wconf 87' lang='lat' dir='ltr'><strong>his</strong></span> <span class='ocrx_word' id='word_1_285' title='bbox 1770 2941 2021 3014; x_wconf 71' lang='lat' dir='ltr'><strong>scrlptos</strong></span> <span class='ocrx_word' id='word_1_286' title='bbox 2041 2935 2187 3012; x_wconf 84' lang='lat' dir='ltr'><strong>jun-</strong></span> 
     </span>
     <span class='ocr_line' id='line_1_37' title="bbox 187 3011 2188 3090; baseline -0.003 -15"><span class='ocrx_word' id='word_1_287' title='bbox 187 3013 348 3076; x_wconf 68' lang='lat' dir='ltr'><strong>iores</strong></span> <span class='ocrx_word' id='word_1_288' title='bbox 375 3011 495 3072; x_wconf 88' lang='lat' dir='ltr'><strong>duo</strong></span> <span class='ocrx_word' id='word_1_289' title='bbox 514 3012 736 3072; x_wconf 87' lang='lat' dir='ltr'><strong>tribuni</strong></span> <span class='ocrx_word' id='word_1_290' title='bbox 763 3013 838 3072; x_wconf 82' lang='lat' dir='ltr'><strong>ad</strong></span> <span class='ocrx_word' id='word_1_291' title='bbox 865 3013 1087 3072; x_wconf 88' lang='lat' dir='ltr'><strong>bellum</strong></span> <span class='ocrx_word' id='word_1_292' title='bbox 1117 3013 1359 3071; x_wconf 79' lang='lat' dir='ltr'><strong>duxere.</strong></span> <span class='ocrx_word' id='word_1_293' title='bbox 1440 3011 1661 3090; x_wconf 83' lang='lat' dir='ltr'><strong>Coepta</strong></span> <span class='ocrx_word' id='word_1_294' title='bbox 1684 3011 1843 3072; x_wconf 85' lang='lat' dir='ltr'><strong>inter</strong></span> <span class='ocrx_word' id='word_1_295' title='bbox 1865 3033 1969 3073; x_wconf 84' lang='lat' dir='ltr'><strong>eos</strong></span> <span class='ocrx_word' id='word_1_296' title='bbox 1996 3011 2059 3070; x_wconf 89' lang='lat' dir='ltr'><strong>in</strong></span> <span class='ocrx_word' id='word_1_297' title='bbox 2086 3030 2188 3069; x_wconf 90' lang='lat' dir='ltr'><strong>ur-</strong></span> 
     </span>
     <span class='ocr_line' id='line_1_38' title="bbox 188 3086 2187 3174; baseline -0.004 -18"><span class='ocrx_word' id='word_1_298' title='bbox 188 3093 266 3156; x_wconf 86' lang='lat' dir='ltr'><strong>be</strong></span> <span class='ocrx_word' id='word_1_299' title='bbox 293 3092 618 3152; x_wconf 87' lang='lat' dir='ltr'><strong>certamina</strong></span> <span class='ocrx_word' id='word_1_300' title='bbox 660 3091 984 3174; x_wconf 82' lang='lat' dir='ltr'><strong>cupiditate</strong></span> <span class='ocrx_word' id='word_1_301' title='bbox 1027 3091 1237 3152; x_wconf 65' lang='lat' dir='ltr'><strong>eadem</strong></span> <span class='ocrx_word' id='word_1_302' title='bbox 1267 3090 1499 3170; x_wconf 78' lang='lat' dir='ltr'><strong>imperii</strong></span> <span class='ocrx_word' id='word_1_303' title='bbox 1544 3090 1730 3150; x_wconf 84' lang='lat' dir='ltr'><strong>multo</strong></span> <span class='ocrx_word' id='word_1_304' title='bbox 1756 3090 2082 3172; x_wconf 74' lang='lat' dir='ltr'><strong>impensius</strong></span> <span class='ocrx_word' id='word_1_305' title='bbox 2123 3086 2187 3149; x_wconf 85' lang='lat' dir='ltr'><strong>in</strong></span> 
     </span>
     <span class='ocr_line' id='line_1_39' title="bbox 191 3168 2264 3250; baseline -0.005 -15"><span class='ocrx_word' id='word_1_306' title='bbox 191 3171 408 3235; x_wconf 81' lang='lat' dir='ltr'><strong>castris</strong></span> <span class='ocrx_word' id='word_1_307' title='bbox 435 3172 730 3233; x_wconf 78' lang='lat' dir='ltr'><strong>accendi:</strong></span> <span class='ocrx_word' id='word_1_308' title='bbox 771 3171 917 3232; x_wconf 82' lang='lat' dir='ltr'><strong>nihil</strong></span> <span class='ocrx_word' id='word_1_309' title='bbox 965 3169 1185 3232; x_wconf 85' lang='lat' dir='ltr'><strong>sentire</strong></span> <span class='ocrx_word' id='word_1_310' title='bbox 1214 3169 1391 3239; x_wconf 82' lang='lat' dir='ltr'><strong>idem,</strong></span> <span class='ocrx_word' id='word_1_311' title='bbox 1418 3191 1523 3250; x_wconf 89' lang='lat' dir='ltr'><strong>pro</strong></span> <span class='ocrx_word' id='word_1_312' title='bbox 1550 3169 1850 3231; x_wconf 85' lang='lat' dir='ltr'><strong>sententia</strong></span> <span class='ocrx_word' id='word_1_313' title='bbox 1875 3168 2209 3250; x_wconf 67' lang='lat' dir='ltr'><strong>pugnare-3¹</strong></span> <span class='ocrx_word' id='word_1_314' title='bbox 2260 3212 2264 3223; x_wconf 69' lang='grc'><strong>,,</strong></span> 
     </span>
     <span class='ocr_line' id='line_1_40' title="bbox 191 3249 2189 3331; baseline -0.002 -19"><span class='ocrx_word' id='word_1_315' title='bbox 191 3271 304 3314; x_wconf 81' lang='lat' dir='ltr'><strong>sua</strong></span> <span class='ocrx_word' id='word_1_316' title='bbox 329 3249 580 3312; x_wconf 80' lang='lat' dir='ltr'><strong>cousilia</strong></span> <span class='ocrx_word' id='word_1_317' title='bbox 607 3253 784 3331; x_wconf 78' lang='lat' dir='ltr'><strong>velle,</strong></span> <span class='ocrx_word' id='word_1_318' title='bbox 837 3271 944 3310; x_wconf 86' lang='lat' dir='ltr'><strong>sua</strong></span> <span class='ocrx_word' id='word_1_319' title='bbox 989 3249 1391 3330; x_wconf 75' lang='lat' dir='ltr'><strong>imperiasola</strong></span> <span class='ocrx_word' id='word_1_320' title='bbox 1418 3255 1548 3308; x_wconf 80' lang='lat' dir='ltr'><strong>rata</strong></span> <span class='ocrx_word' id='word_1_321' title='bbox 1594 3269 1768 3307; x_wconf 72' lang='lat' dir='ltr'><strong>esset</strong></span> <span class='ocrx_word' id='word_1_322' title='bbox 1811 3254 2189 3308; x_wconf 78' lang='lat' dir='ltr'><strong>contemnere</strong></span> 
     </span>
    </p>
   </div>
   <div class='ocr_carea' id='block_1_11' title="bbox 110 3325 2189 3418">
    <p class='ocr_par' dir='ltr' id='par_1_12' title="bbox 110 3325 2189 3418">
     <span class='ocr_line' id='line_1_41' title="bbox 110 3325 2189 3418; baseline -0.002 -26"><span class='ocrx_word' id='word_1_323' title='bbox 110 3361 118 3367; x_wconf 94' lang='lat'><em>·</em></span> <span class='ocrx_word' id='word_1_324' title='bbox 193 3331 258 3392; x_wconf 92' lang='lat' dir='ltr'><strong>in</strong></span> <span class='ocrx_word' id='word_1_325' title='bbox 285 3333 499 3401; x_wconf 82' lang='lat' dir='ltr'><strong>vicem,</strong></span> <span class='ocrx_word' id='word_1_326' title='bbox 527 3337 589 3391; x_wconf 86' lang='lat' dir='ltr'><strong>et</strong></span> <span class='ocrx_word' id='word_1_327' title='bbox 611 3329 912 3396; x_wconf 81' lang='lat' dir='ltr'><strong>contemni</strong></span> <span class='ocrx_word' id='word_1_328' title='bbox 935 3351 952 3401; x_wconf 93' lang='lat'><em>3</em></span> <span class='ocrx_word' id='word_1_329' title='bbox 995 3331 1204 3398; x_wconf 85' lang='lat' dir='ltr'><strong>donec,</strong></span> <span class='ocrx_word' id='word_1_330' title='bbox 1234 3329 1659 3408; x_wconf 80' lang='lat' dir='ltr'><strong>castigantibus</strong></span> <span class='ocrx_word' id='word_1_331' title='bbox 1686 3327 1917 3418; x_wconf 71' lang='lat' dir='ltr'><strong>legatiS,</strong></span> <span class='ocrx_word' id='word_1_332' title='bbox 1942 3325 2189 3388; x_wconf 84' lang='lat' dir='ltr'><strong>tandem</strong></span> 
     </span>
    </p>
   </div>
   <div class='ocr_carea' id='block_1_12' title="bbox 188 3404 2189 3492">
    <p class='ocr_par' dir='ltr' id='par_1_13' title="bbox 188 3404 2189 3492">
     <span class='ocr_line' id='line_1_42' title="bbox 188 3404 2189 3492; baseline -0.002 -22"><span class='ocrx_word' id='word_1_333' title='bbox 188 3411 278 3472; x_wconf 86' lang='lat' dir='ltr'><strong>ita</strong></span> <span class='ocrx_word' id='word_1_334' title='bbox 305 3417 706 3492; x_wconf 86' lang='lat' dir='ltr'><strong>comparatum</strong></span> <span class='ocrx_word' id='word_1_335' title='bbox 729 3416 842 3480; x_wconf 83' lang='lat' dir='ltr'><strong>est,</strong></span> <span class='ocrx_word' id='word_1_336' title='bbox 883 3415 952 3470; x_wconf 89' lang='lat' dir='ltr'><strong>ut</strong></span> <span class='ocrx_word' id='word_1_337' title='bbox 977 3409 1225 3470; x_wconf 83' lang='lat' dir='ltr'><strong>alternis</strong></span> <span class='ocrx_word' id='word_1_338' title='bbox 1248 3407 1455 3468; x_wconf 86' lang='lat' dir='ltr'><strong>diebus</strong></span> <span class='ocrx_word' id='word_1_339' title='bbox 1498 3427 1788 3466; x_wconf 86' lang='lat' dir='ltr'><strong>summam</strong></span> <span class='ocrx_word' id='word_1_340' title='bbox 1808 3404 2055 3485; x_wconf 74' lang='lat' dir='ltr'><strong>imperii·</strong></span> <span class='ocrx_word' id='word_1_341' title='bbox 2082 3404 2189 3466; x_wconf 87' lang='lat' dir='ltr'><strong>ha-</strong></span> 
     </span>
    </p>
   </div>
   <div class='ocr_carea' id='block_1_13' title="bbox 141 3483 2189 3569">
    <p class='ocr_par' dir='ltr' id='par_1_14' title="bbox 141 3483 2189 3569">
     <span class='ocr_line' id='line_1_43' title="bbox 141 3483 2189 3569; baseline -0.003 -18"><span class='ocrx_word' id='word_1_342' title='bbox 141 3535 148 3541; x_wconf 86' lang='lat'><strong>·</strong></span> <span class='ocrx_word' id='word_1_343' title='bbox 187 3493 420 3552; x_wconf 85' lang='lat' dir='ltr'><strong>herent.</strong></span> <span class='ocrx_word' id='word_1_344' title='bbox 497 3491 646 3564; x_wconf 84' lang='lat' dir='ltr'><strong>Quae</strong></span> <span class='ocrx_word' id='word_1_345' title='bbox 675 3509 858 3569; x_wconf 89' lang='lat' dir='ltr'><strong>quum</strong></span> <span class='ocrx_word' id='word_1_346' title='bbox 887 3489 1068 3560; x_wconf 85' lang='lat' dir='ltr'><strong>allata</strong></span> <span class='ocrx_word' id='word_1_347' title='bbox 1100 3489 1347 3548; x_wconf 81' lang='lat' dir='ltr'><strong>Romam</strong></span> <span class='ocrx_word' id='word_1_348' title='bbox 1385 3493 1603 3552; x_wconf 82' lang='lat' dir='ltr'><strong>essent,</strong></span> <span class='ocrx_word' id='word_1_349' title='bbox 1630 3483 1850 3542; x_wconf 81' lang='lat' dir='ltr'><strong>dicitur</strong></span> <span class='ocrx_word' id='word_1_350' title='bbox 1890 3485 1961 3557; x_wconf 84' lang='lat' dir='ltr'><strong>Q.</strong></span> <span class='ocrx_word' id='word_1_351' title='bbox 1990 3486 2189 3546; x_wconf 86' lang='lat' dir='ltr'><strong>Servi-</strong></span> 
     </span>
    </p>
   </div>
   <div class='ocr_carea' id='block_1_14' title="bbox 191 3561 2193 3818">
    <p class='ocr_par' dir='ltr' id='par_1_15' title="bbox 191 3561 2193 3818">
     <span class='ocr_line' id='line_1_44' title="bbox 192 3561 2193 3648; baseline -0.002 -19"><span class='ocrx_word' id='word_1_352' title='bbox 192 3569 330 3639; x_wconf 86' lang='lat' dir='ltr'><strong>lius,</strong></span> <span class='ocrx_word' id='word_1_353' title='bbox 361 3575 539 3631; x_wconf 79' lang='lat' dir='ltr'><strong>aetate</strong></span> <span class='ocrx_word' id='word_1_354' title='bbox 566 3577 626 3632; x_wconf 81' lang='lat' dir='ltr'><strong>et</strong></span> <span class='ocrx_word' id='word_1_355' title='bbox 647 3590 762 3629; x_wconf 90' lang='lat' dir='ltr'><strong>usu</strong></span> <span class='ocrx_word' id='word_1_356' title='bbox 789 3569 1022 3638; x_wconf 88' lang='lat' dir='ltr'><strong>doctus,</strong></span> <span class='ocrx_word' id='word_1_357' title='bbox 1047 3571 1329 3648; x_wconf 82' lang='lat' dir='ltr'><strong>precatus</strong></span> <span class='ocrx_word' id='word_1_358' title='bbox 1358 3567 1429 3626; x_wconf 87' lang='lat' dir='ltr'><strong>ab</strong></span> <span class='ocrx_word' id='word_1_359' title='bbox 1463 3562 1589 3622; x_wconf 80' lang='lat' dir='ltr'><strong>niis</strong></span> <span class='ocrx_word' id='word_1_360' title='bbox 1616 3561 2060 3633; x_wconf 82' lang='lat' dir='ltr'><strong>immortalibuS,</strong></span> <span class='ocrx_word' id='word_1_361' title='bbox 2113 3585 2193 3624; x_wconf 81' lang='lat' dir='ltr'><strong>ne</strong></span> 
     </span>
     <span class='ocr_line' id='line_1_45' title="bbox 192 3639 2193 3728; baseline -0.006 -20"><span class='ocrx_word' id='word_1_362' title='bbox 192 3647 496 3720; x_wconf 79' lang='lat' dir='ltr'><strong>discordia</strong></span> <span class='ocrx_word' id='word_1_363' title='bbox 535 3649 903 3710; x_wconf 83' lang='lat' dir='ltr'><strong>tribunorum</strong></span> <span class='ocrx_word' id='word_1_364' title='bbox 931 3645 1271 3710; x_wconf 84' lang='lat' dir='ltr'><strong>damnosior</strong></span> <span class='ocrx_word' id='word_1_365' title='bbox 1296 3640 1641 3728; x_wconf 72' lang='lat' dir='ltr'><strong>reipublicae</strong></span> <span class='ocrx_word' id='word_1_366' title='bbox 1671 3645 1865 3727; x_wconf 57' lang='lat' dir='ltr'><strong>esset,</strong></span> <span class='ocrx_word' id='word_1_367' title='bbox 1893 3643 2073 3719; x_wconf 63' lang='lat' dir='ltr'><strong>quam</strong></span> <span class='ocrx_word' id='word_1_368' title='bbox 2114 3639 2193 3698; x_wconf 83' lang='lat' dir='ltr'><strong>ad</strong></span> 
     </span>
     <span class='ocr_line' id='line_1_46' title="bbox 191 3718 2191 3818; baseline -0.006 -29"><span class='ocrx_word' id='word_1_369' title='bbox 191 3727 376 3818; x_wconf 80' lang='lat' dir='ltr'><strong>Vejos</strong></span> <span class='ocrx_word' id='word_1_370' title='bbox 391 3729 638 3793; x_wconf 71' lang='lat' dir='ltr'><strong>fuissetz</strong></span> <span class='ocrx_word' id='word_1_371' title='bbox 667 3735 748 3802; x_wconf 89' lang='lat' dir='ltr'><strong>et,</strong></span> <span class='ocrx_word' id='word_1_372' title='bbox 767 3725 936 3788; x_wconf 80' lang='lat' dir='ltr'><strong>velut</strong></span> <span class='ocrx_word' id='word_1_373' title='bbox 951 3725 1114 3801; x_wconf 69' lang='lat' dir='ltr'><strong>baud</strong></span> <span class='ocrx_word' id='word_1_374' title='bbox 1135 3722 1318 3794; x_wconf 79' lang='lat' dir='ltr'><strong>dubia</strong></span> <span class='ocrx_word' id='word_1_375' title='bbox 1336 3719 1509 3793; x_wconf 67' lang='lat' dir='ltr'><strong>clade</strong></span> <span class='ocrx_word' id='word_1_376' title='bbox 1524 3725 1891 3796; x_wconf 53' lang='lat' dir='ltr'><strong>tmmlueute,</strong></span> <span class='ocrx_word' id='word_1_377' title='bbox 1902 3718 2191 3786; x_wconf 67' lang='lat' dir='ltr'><strong>institisse</strong></span> 
     </span>
    </p>
   </div>
   <div class='ocr_carea' id='block_1_15' title="bbox 1930 4067 2171 4074">
    <p class='ocr_par' dir='ltr' id='par_1_16' title="bbox 1930 4067 2171 4074">
     <span class='ocr_line' id='line_1_47' title="bbox 1930 4067 2171 4074; baseline 0 0"><span class='ocrx_word' id='word_1_378' title='bbox 1930 4067 2171 4074; x_wconf 66' lang='lat'><strong>-..—</strong></span> 
     </span>
    </p>
   </div>
  </div>
 </body>
</html>
