2400 4109
1025 97 1286 208 LIB-nn
1313 145 1423 207 1v.
2074 236 2079 240 b
2114 151 2229 216 191

225 321 496 386 agrorum
525 303 806 366 timentes
828 305 894 366 in
919 305 1239 374 Etruriam,
1268 305 1770 387 Pomptinumque
1784 325 1990 388 agrum
2012 303 2225 370 et'Cu·

221 405 370 454 mas,
417 385 716 465 postrenus
762 385 827 455 in
869 383 1134 446 Siciliam
1179 406 1427 466 quoque*
1456 385 1740 449 frumenti
1774 395 1961 448 causa
1990 389 2235 451 misereo

225 465 648 526 Consularium
675 464 1046 526 comitiorum
1091 467 1259 526 nulla
1287 466 1509 530 mentio
1536 468 1889 532 habita',est.
1968 469 2227 529 Tribuni

221 544 482 606 militum
525 545 824 606 consulari
860 551 1160 627 potestate
1187 566 1391 607 omnes
1430 546 1671 624 patricii
1714 545 1901 608 creati
1942 558 2099 618 sunt,
2150 550 2226 610 L.

221 625 506 686 Pinarius
524 625 966 694 ,MamercinuS,
997 625 1070 684 L.
1092 626 1309 684 Furius
1338 627 1735 695 MedullinuS,
1764 627 1865 706 Sp.
1892 628 2227 690 Postumius

212 705 440 766 Albus.
521 707 610 766 Eo
631 727 789 779 anno
817 705 1117 788 vis-morbi
1138 706 1353 792 levata,
1374 717 1570 786 neque
1598 709 1633 766 εἰ
1652 707 1900 787 penuria
1921 708 2226 778 frumenti,
2330 737 2335 753 ι

219 785 368 865 quia
393 787 534 846 ante
605 787 864 846 rovisum
891 792 1037 854 erat,
1089 785 1419 865 periculum
1459 787 1591 846 fuit.
1673 786 1943 848 Consilia
1983 788 2059 848 ad
2100 809 2227 850 mo·-

223 866 424 928 venda
488 867 562 926 be
587 866 648 925 la
688 866 750 928 in
813 867 1164 926 Volscorum
1210 867 1669 946 AEquorumque
1711 867 2001 936 conciliis,
2056 876 2127 934 et,
2164 868 2229 928 in

225 945 473 1006 Etruria
499 945 577 1006 ad
604 945 810 1007 fanum
832 946 1197 1015 Voltumnae,
1220 946 1458 1026 agitata.
1544 947 1631 1006 lbi
1656 947 1897 1026 prolatae
1920 947 1983 1006 in
2006 967 2230 1011 annum

227 1043 347 1100 res,
369 1025 732 1104 decretoque
760 1027 1137 1096 cautum,·ne
1165 1027 1328 1104 quod
1356 1033 1495 1086 ante
1525 1026 1843 1089 concilium
1868 1027 2081 1098 fieret3
2120 1047 2229 1088 ne-

231 1105 556 1184 quicquam
586 1107 840 1186 Vejente
879 1103 1097 1187 populo
1139 1111 1447 1184 querente,
1491 1105 1765 1176 eandem,
1812 1115 1933 1186 qua
1980 1108 2229 1189 Fiden*

228 1185 446 1246 deletae
475 1186 616 1256 sint,
637 1186 950 1248 imminere
982 1185 1146 1264 Vejis
1169 1185 1487 1246 fortunam.
1568 1185 1817 1246 Interim
1839 1188 2047 1246 Romae
2063 1189 2231 1279 prin-

227 1263 392 1344 cipes
419 1265 628 1346 plebis,
645 1267 878 1346 jamdiu
903 1267 1300 1345 nequicquam
1323 1265 1705 1344 imminentes
1727 1265 2112 1346 speimajoris
2125 1267 2232 1328 ho-

221 1345 407 1416 noris,
434 1345 578 1420 dum
606 1346 749 1406 foris
777 1347 964 1406 otium
987 1351 1165 1415 esset,
1208 1355 1405 1408 coetus
1432 1346 1700 1417 indicere
1722 1344 1785 1404 in
1811 1345 2017 1408 domos
2042 1345 2230 1406 tribua
2282 1371 2287 1380 ·

135 1436 138 1438 ’
227 1445 440 1504 norum
466 1426 662 1506 plebei
684 1447 702 1498 ;
744 1427 826 1486 ibi
853 1433 1086 1486 secreta
1111 1426 1360 1486 consilia
1376 1427 1603 1506 agitare
1628 1447 1644 1484 ε
1686 1425 1877 1504 queri,
1904 1438 1939 1463 ⁸⁶
1964 1425 2083 1487 sea
2104 1427 2232 1507 ple-

225 1507 300 1566 be
321 1505 476 1567 adeo
497 1517 747 1586 spretoS,
769 1512 855 1575 ut,
877 1527 1060 1584 quum
1090 1523 1196 1584 per
1224 1511 1313 1564 tot
1338 1525 1527 1566 annos
1556 1505 1779 1564 tribuni
1806 1506 2059 1566 militum
2090 1525 2232 1566 con-

225 1587 413 1648 sulari
431 1593 729 1666 potestate
753 1593 1048 1654 creentur,
1077 1584 1231 1644 nulli
1257 1603 1521 1662 unquam
1540 1584 1769 1664 plebeio
1796 1585 1871 1644 ad
1896 1605 2033 1648 eum
2050 1587 2236 1646 hono-2

225 1686 355 1726 rem
403 1666 607 1726 aditus
634 1664 856 1735 fuerit;
897 1665 1150 1724 multum
1182 1664 1513 1745 providisse
1538 1684 1675 1724 suos
1703 1666 1975 1744 majores,
2002 1665 2107 1746 qui
2134 1685 2237 1726 ca-

226 1747 446 1815 verint,
475 1765 552 1804 ne
574 1744 673 1804 cui
701 1744 948 1824 patricio
969 1743 1185 1824 plebeii
1228 1744 1608 1825 magistratus
1637 1753 1912 1824 paterent
1938 1767 1957 1817 3
1998 1751 2103 1806 aut
2128 1763 2236 1826 pa·-

228 1825 440 1888 tricios
480 1825 780 1885 habendos
823 1824 1008 1885 fuisse
1035 1824 1313 1884 tribunos
1332 1825 1523 1908 plebei
1554 1845 1572 1895 ;
1612 1825 1764 1884 adeo
1806 1845 1871 1887 se
1898 1827 2025 1907 suis
2050 1826 2269 1888 etiamae
2366 1859 2373 1873 =

233 1911 498 1975 sordere,
527 1925 640 1964 nec
679 1906 714 1965 ἐι
766 1905 938 1986 plebe
965 1904 1185 1974 minGS,
1236 1906 1418 1984 quam
1474 1906 1509 1964 ἰ
1551 1905 1827 1966 Patribus
1871 1905 2235 1967 contemni..”
2261 1923 2316 1940 „-

233 1984 364 2049 Alii
406 2005 659 2078 purgare
699 1981 952 2067 plebem,
1006 1985 1241 2066 culpam
1293 1985 1357 2044 in
1398 1986 1611 2046 Patres
1653 1994 1885 2046 vertere
1914 2003 1931 2046 t
1972 1999 2006 2024 “
2030 2000 2235 2049 eorum

233 2055 554 2128 ambitione
579 2065 926 2146 artibusque
954 2066 1103 2134 fieri,
1133 2070 1200 2124 ut
1222 2067 1529 2146 obseptum
1557 2065 1718 2146 plebi
1746 2065 1825 2125 sit
1850 2067 1927 2128 ad
1958 2069 2237 2128 bonorem

210 2146 351 2206 >iter
379 2167 398 2217 3
439 2146 490 2206 si
536 2145 691 2226 plebi
721 2147 1011 2226 respirare
1053 2147 1127 2205 ab
1157 2147 1361 2207 eorum
1390 2145 1591 2204 mixtis
1620 2145 1891 2224 precibus
1936 2147 2235 2224 minisque

26 2247 29 2315 ss
136 2265 141 2268 -
235 2225 437 2298 liceat,
464 2247 784 2286 memorem
813 2247 940 2286 eam
973 2245 1215 2285 suorum
1240 2225 1524 2286 inituram
1548 2224 1729 2284 suffra
1772 2226 1828 2285 ia
1849 2245 1999 2294 esse,
2022 2233 2082 2286 et
2103 2246 2239 2305 par·

238 2312 300 2366 to
327 2305 548 2368 auxilio
569 2307 887 2388 imperium
915 2326 1152 2386 quoque
1179 2303 1609 2364 adscituram.”
1693 2306 1742 2365 P
1770 2313 1924 2375 acet,
1954 2305 2239 2368 tollendae

109 2435 130 2452 ,
229 2387 568 2448 ambitionis
597 2394 780 2447 causa
809 2387 1076 2447 tribunos
1118 2386 1309 2466 legem
1339 2385 1737 2466 promulgare,
1792 2405 1868 2444 ne
1898 2386 1995 2446 cui
2038 2387 2237 2448 album
2268 2414 2279 2430 ⁴

189 2518 196 2523 .
233 2465 308 2527 in·
337 2466 770 2528 'vestimentum
824 2467 1064 2536 addere,
1120 2464 1430 2545 petitionis
1480 2466 1692 2528 liceret
1744 2473 1939 2527 causa.
2046 2466 2241 2528 Parva

234 2567 400 2609 nunc
427 2567 542 2617 res,
569 2554 634 2608 et
660 2547 760 2607 vix
773 2547 944 2606 -serio
971 2545 1206 2628 agenda.
1230 2543 1420 2606 videri
1450 2545 1653 2624 possit,
1694 2566 1831 2624 quae
1860 2551 2007 2608 tunc
2028 2547 2239 2630 ingen-

235 2627 288 2688 ti
314 2627 640 2706 certamine
669 2627 879 2688 Patres
921 2648 992 2687 ac
1023 2629 1253 2709 plebem
1282 2625 1577 2686 accendit.
1658 2625 1877 2687 Vicere
1906 2635 2103 2688 tamen
2134 2627 2241 2688 tri-

235 2708 524 2777 buni,‚'ut
570 2708 762 2790 legem
789 2708 1168 2789 perferrent:
1210 2709 1671 2788 apparebatque,
1715 2706 1969 2770 irritatis
2007 2709 2243 2784 animis,

233 2789 466 2870 plebem
491 2788 570 2848 ad
598 2809 737 2849 suos
791 2790 992 2849 studia
1017 2787 1440 2848 inclinaturam
1469 2808 1487 2858 3
1529 2807 1670 2866 quae.
1698 2806 1775 2846 ne
1801 2787 1987 2849 libera
2012 2797 2239 2859 essent,

240 2870 826 2929 senatusconsultum
865 2869 1092 2928 factum
1135 2873 1247 2937 est,
1294 2874 1365 2926 ut
1418 2867 1755 2928 consularia
1783 2869 2023 2930 comitia
2065 2870 2243 2932 habe·

239 2957 469 3008 rentur.
641 2969 648 2974 ·
1145 2997 1150 3006 ,

321 3029 548 3088 XXVI.
588 3027 914 3088 Tumultus
943 3045 1126 3088 causa
1155 3025 1269 3086 fuit
1292 3041 1517 3105 {quem
1544 3029 1617 3086 ab
1648 3025 1868 3106 AEquis
1914 3035 1979 3088 et
2006 3027 2244 3089 Volscis

238 3108 448 3186 Latini
475 3115 654 3188 atque
687 3107 936 3168 Hernici
963 3107 1341 3168 nunciarent.
1422 3108 1501 3166 T.
1527 3107 1863 3180 Quinctius»,
1917 3108 2095 3167 Lucii
2124 3107 2246 3167 fili-

238 3209 334 3259 ηε,
375 3189 772 3251 Cincinnatus
821 3187 1042 3270 (eidem
1067 3195 1147 3246 et
1168 3187 1383 3246 Penno
1410 3207 1735 3267 cognomen
1768 3187 2035 3266 additur)
2067 3193 2127 3249 et
2170 3186 2245 3248 C.

237 3269 440 3332 Julius
467 3269 700 3338 Mento,
723 3267 1000 3328 consules
1021 3266 1168 3327 facti
1195 3288 1212 3325 e
1254 3287 1365 3326 nec
1392 3267 1555 3327 ultra
1583 3274 1774 3328 terror
1800 3265 1943 3326 belli
1971 3274 2065 3325 est
2090 3266 2243 3328 dila-

246 3357 367 3411 tus·
449 3350 615 3430 Lege
641 3355 898 3418 sacrata,
925 3367 1062 3427 quae
1090 3347 1347 3407 maxima
1375 3347 1533 3428 apud
1575 3348 1676 3408 e'os
1710 3347 1797 3406 vis
1826 3345 2105 3426 cogendae
2132 3347 2245 3408 mi-

239 3429 397 3492 litiae
421 3437 568 3498 erat,
615 3429 860 3489 delectu
901 3425 1118 3497 habito,
1146 3427 1427 3506 utrinque
1458 3427 1641 3488 validi
1666 3425 1964 3488 exercitus
1992 3427 2247 3505 profecti

243 3511 310 3572 in
338 3508 624 3590 Algidum
651 3527 986 3570 convenere
1007 3527 1024 3577 3
1051 3507 1273 3584 ibique,
1295 3519 1561 3567 ‘seorsum
1579 3505 1796 3583 AEqui,
1812 3523 2073 3567 seorsum
2098 3509 2247 3570 Vol·
2294 3575 2297 3582 ,

243 3592 356 3659 sci,
381 3595 579 3650 castra
605 3588 1044 3662 communivere
1066 3607 1085 3657 3
1128 3585 1754 3664 intentior-quanquam
1782 3603 2045 3662 unquam
2088 3587 2247 3653 ante,

239 3667 1022 3746 muniendi.e1ercendique
1047 3665 1301 3726 militem
1330 3684 1471 3724 cura
1508 3662 1759 3721 ducibus
1801 3669 1930 3722 erat
1954 3684 1973 3722 τ
2010 3683 2081 3721 eo
2108 3665 2246 3746 plus⁴

241 3746 460 3813 nuncii
507 3747 754 3812 terroris
800 3749 1054 3816 Romam
1097 3744 1378 3806 attulere·—
1459 3738 1704 3802 Senatui
1730 3739 2082 3800 dictatorem
2124 3738 2247 3794 <150¹-
