2400 4109
1042 143 1304 206 LIBER
1344 143 1427 204 11.
2154 151 2229 209 95

233 301 567 364 exercitum
593 298 1003 393 increpandoz
1043 314 1079 340 ‘⁸
1103 301 1557 366 simulationem
1578 302 1889 365 intestinae
1908 299 2233 368 discordiae

231 381 570 442 remedium-
595 381 825 442 timoris
851 381 1158 444 inventum
1184 402 1202 442 z
1269 390 1333 442 et
1360 383 1637 444 consules
1662 383 1853 464 magis
1878 403 1996 445 non
2046 385 2232 444 confi-

235 461 400 531 dere,
429 455 510 540 q'u
525 460 610 520 {m
653 479 774 521 non
799 461 1068 530 credere,
1104 461 1229 521 suis
1264 462 1569 523 militibus.
1648 462 1893 524 Novum
1920 463 2233 525 seditionis

233 560 445 622 genus,
471 540 776 602 silentium
804 541 1112 620 otiumque
1135 541 1295 602 inter
1320 539 1581 602 armatos
1600 543 1669 613 ;’'
1708 541 1787 604 ad
1814 543 1944 604 haec
1970 543 2034 604 in
2062 544 2233 604 novi·

229 627 420 682 tatem
447 619 686 702 generis
709 619 796 681 ori
836 619 1091 700 ‘nisque,
1110 621 1231 700 quei
1258 620 1427 690 falsa,
1450 623 1573 701 quai
1593 641 1735 682 vera
1750 623 1975 703 jacere.
2057 625 2214 686 Haec

235 717 422 780 quum·
449 703 559 760 sub
583 699 716 781 ipso
743 717 816 760 va
841 701 902 760 lo
927 701 1234 782 portisque
1257 707 1379 762 stre
1454 707 1609 771 rent,
1632 702 1796 764 haud
1827 706 1984 783 aegre
2010 722 2231 765 consu-

234 779 328 840 les
355 778 522 861 pati3
588 789 654 840 at
677 779 974 860 imperitae
1019 780 1369 842 multitudin
1458 801 1622 842 nunc
1668 781 2025 862 indignatio,
2068 803 2232 845 nunc

215 859 446 942 pudor,
496 866 747 940 pectora.
793 879 1050 932 versare,
1103 866 1168 920 et
1218 862 1295 920 ab
1344 859 1649 920 intestinis
1696 868 1969 923 avertere
2021 862 2231 924 malise

237 940 400 1000 nolle
443 938 670 1000 inultos
723 939 948 1013 hostes»,
993 939 1152 1000 nolle
1201 959 1565 1009 successum,
1591 960 1713 1000 non
1761 941 2059 1012 Patribus,
2110 961 2231 1003 non

235 1016 615 1095 consulibus:
693 1029 943 1080 externa
959 1026 1032 1080 et
1055 1019 1388 1080 domestica
1412 1018 1551 1080 odia
1598 1027 1827 1080 certare
1870 1021 1935 1081 in
1994 1021 2229 1083 animis·

236 1099 514 1160 Tandem
541 1105 828 1182 superant
853 1097 1138 1168 externa}
1179 1098 1331 1158 ade&
1352 1099 1602 1190 superbe
1624 1098 2071 1181 insolenterque
2094 1102 2228 1162 hos-

233 1177 316 1240 tis
343 1179 664 1250 eludebat}
723 1178 1068 1258 frequentes
1103 1178 1168 1238 in
1195 1185 1543 1258 praetonum
1570 1179 1951 1250 conveniunt,
1980 1187 2233 1262 poscunt

233 1279 518 1344 pugnam,
541 1259 868 1350 postulant,
898 1265 968 1320 ut
993 1259 1229 1340 signum
1254 1257 1451 1322 detur.
1528 1258 1843 1334 ConsuleS,
1883 1260 2050 1320 velut
2074 1261 2229 1321 deli-

234 1337 587 1408 berabundi,
615 1339 812 1419 capita
839 1337 1172 1408 conferunt,
1199 1337 1304 1398 diu
1328 1338 1751 1417 colloquuntur
1773 1359 1793 1412 ;
1830 1359 2097 1431 pugnare
2124 1361 2229 1401 cu·

232 1418 514 1500 piebant3
582 1419 690 1478 sed
715 1419 876 1478 retr&
902 1418 1241 1478 revocanda
1266 1426 1331 1479 et
1350 1418 1627 1478 addenda
1654 1419 1951 1500 cupiditas
1972 1427 2121 1489 erat,
2162 1427 2233 1480 ut

233 1498 612 1564 adversando
664 1498 1132 1577 remorandoque
1179 1497 1431 1558 incitato
1484 1499 1669 1558 semel
1717 1497 1897 1558 militi
1940 1498 2234 1560 adderent

233 1577 548 1658 impetum.
625 1578 926 1638 Redditur
950 1595 1323 1658 responsum,
1360 1577 1739 1659 immaturam
1776 1597 1903 1638 rem
1942 1577 2056 1658 agi,
2084 1597 2232 1638 non-

233 1657 382 1718 dum
407 1665 646 1738 tempus
671 1677 886 1739 pugnae
917 1675 1084 1718 esset
1129 1656 1357 1726 *stris
1384 1677 1449 1716 se
1474 1663 1769 1718 tenerent.
1846 1656 2114 1718 Edicunt
2137 1657 2233 1717 in-

235 1738 336 1808 de,
383 1744 455 1798 ut
495 1738 834 1799 abstineant
857 1745 1101 1818 pugnam
1161 1736 1243 1795 si*
1282 1735 1375 1808 uis
1394 1737 1631 1828 ‘injussu
1679 1736 2051 1830 pugnaverit,
2076 1743 2145 1798 ut
2168 1737 2233 1796 in

234 1817 486 1880 hostem*
495 1817 1028 1878 animadversuros.
1109 1815 1204 1877 ltu
1285 1815 1525 1886 imissis,
1574 1817 1693 1896 qu&
1719 1820 1919 1878 minus
1958 1817 2235 1892 consules

235 1898 402 1958 -velle
419 1897 694 1967 credunt,
713 1896 932 1957 crescit
947 1896 1124 1958 ardor
1179 1896 1447 1977 ugnandi
1465 1917 1482 1966 ;
1522 1898 1820 1959 accedunt
1837 1897 1973 1957 insu
2050 1919 2083 1958 r
2098 1898 2233 1958 hos-

203 1983 334 2057 ·tes
373 1976 638 2038 ferocius
663 1977 874 2046 multo,
898 1985 980 2052 ut¹
1013 1983 1126 2044 sta„
1177 1977 1294 2037 isse
1322 1996 1443 2036 non
1487 1997 1751 2058 pugnare
1792 1997 1977 2038 consu
2002 1998 2069 2038 es
2096 1997 2233 2068 cog-

230 2057 432 2118 nitum
458 2063 570 2118 est.
649 2057 882 2137 Quippe
927 2057 1168 2137 impune
1195 2077 1261 2116 se
1302 2054 1713 2126 insultaturoS,
1738 2076 1857 2118 non
1910 2057 2077 2118 credi
2122 2077 2236 2116 xm-

235 2137 334 2198 l-iti
371 2155 572 2207 arma3
640 2157 766 2196 rem
787 2137 862 2196 ad
891 2136 1166 2196 ultimum
1191 2135 1505 2194 seditionis
1546 2144 1908 2216 erupturam,
1935 2136 2235 2214 finemque

232 2217 478 2278 venisse
505 2218 775 2293 Romano
801 2215 1066 2296 imperio.
1147 2215 1263 2274 His
1288 2213 1431 2273 freti
1474 2221 1792 2274 occursant
1818 2213 2023 2294 portis,
2063 2215 2231 2306 inge-

233 2304 384 2357 runt
409 2298 640 2378 probra,
665 2298 821 2378 aegre
848 2295 1170 2364 abstinent,
1197 2293 1342 2374 quin
1370 2301 1567 2354 castra
1586 2301 1951 2375 oppugnent.
2028 2295 2236 2354 Emm-

235 2377 387 2436 verb
415 2395 534 2442 non
555 2377 717 2435 ultra
737 2375 1160 2438 contumeliam
1187 2373 1313 2456 pati
1335 2375 1637 2436 Romanus
1664 2393 1837 2455 posse
1853 2395 1875 2438 a
1934 2373 2079 2434 totis
2106 2393 2237 2434 cas—

232 2455 354 2517 tris
381 2455 650 2536 undique
677 2455 755 2516 ad
774 2455 1050 2514 consules
1079 2453 1336 2514 curritur
1351 2473 1369 2524 3
1424 2475 1545 2515 non
1563 2457 1691 2534 jam
1718 2453 1961 2524 sensim,
1986 2461 2055 2515 ut
2080 2455 2239 2525 ante,

235 2556 352 2618 per
390 2534 806 2596 centurionum
853 2535 1154 2616 principes
1193 2534 1543 2615 postulant3
1610 2534 1717 2594 sed
1761 2535 1983 2615 passim
2030 2555 2236 2596 omnes

241 2613 600 2676 clamoribus
625 2623 830 2696 agunt.
911 2615 1156 2676 Matura
1179 2635 1279 2674 res
1306 2621 1473 2684 erat3
1524 2614 1994 2694 tergiversantur
2018 2621 2239 2676 tamen.

239 2695 466 2756 Fabius
493 2694 730 2773 deinde,
761 2695 838 2756 ad
861 2702 1231 2778 cresvntem
1272 2694 1533 2754 tumultu
1566 2697 1695 2775 jam
1726 2701 1955 2757 metum
1976 2695 2238 2757 ‘seditio-

163 2780 171 2787 '
239 2775 340 2838 nis
379 2775 616 2856 collegi
641 2795 829 2835 conce
851 2776 1052 2843 dente,
1097 2795 1287 2853 quum
1330 2773 1638 2835 silentium
1682 2775 1936 2847 classico
1962 2774 2239 2846 fecisset3

241 2867 280 2892 “
300 2856 428 2937 Ego
451 2855 619 2924 istos,
645 2855 761 2914 Cn.
791 2856 1005 2923 Manli,
1031 2875 1207 2935 posse
1233 2853 1475 2914 vincere
1504 2854 1667 2924 scio;
1722 2854 1881 2914 velle
1906 2875 1984 2916 ne
2006 2856 2243 2924 scirem,

241 2934 364 3028 ipsi
392 2933 686 3026 fecerunt.
747 2935 984 3026 -Jtaque
1009 2941 1239 2996 certum
1260 2940 1447 3026 atque
1478 2933 1791 2995 decretum
1808 2941 1925 3006 est,
1944 2955 2067 3030 non
2095 2936 2240 2995 dare

245 3014 1583 3164 353321333132335352.{zssssffisst
1608 3012 1839 3168 2313?
1838 3035 1919 3165 ,θ’
1897 3020 2243 3156 3ὲέἒὲῐὲ

249 3195 433 3254 qnam
460 3172 696 3238 fauet.”
777 3173 1070 3236 Centurio
1097 3180 1229 3234 erat
1256 3173 1347 3232 M.
1387 3172 1746 3254 Flavolaejum
1771 3173 1931 3234 inter
1956 3170 2243 3250 primores

244 3273 466 3336 pugnae
493 3251 808 3344 flagitator.
855 3252 1182 3322 “Victum”
1226 3251 1445 3332 inquit,
1492 3263 1525 3288 ‘⁶
1546 3253 1638 3312 Μ.
1665 3253 1828 3321 Fabi,
1856 3259 2123 3310 revertar
2152 3269 2245 3312 »ex

247 3334 442 3394 acie.”
527 3335 604 3392 Si·
619 3331 810 3401 fallat,
835 3334 1044 3394 Jovem
1069 3335 1331 3400 Patrem,
1362 3331 1813 3411 Gradivumque:
1831 3331 2113 3420 Martem,
2134 3329 2243 3389 ali-

245 3431 438 3493 osque
476 3412 658 3473 iratos
685 3412 924 3473 invocat
950 3414 1130 3475 Deos.
1214 3411 1386 3471 Idem
1412 3411 1699 3492 deinceps
1727 3427 1917 3471 omnis
1942 3409 2245 3470 exercitus

249 3491 315 3552 in
341 3513 408 3554 se
430 3492 694 3572 quisque
730 3495 917 3572 jurat.
979 3492 1030 3552 -·J
1033 3491 1223 3554 aratis
1250 3492 1429 3552 datur
1467 3491 1721 3572 signum,
1762 3507 1927 3548 arma
1968 3507 2039 3548 ca
2079 3488 2245 3560 iunt3

254 3580 401 3634 eunt
423 3573 488 3634 in
513 3590 793 3654 pugnam,
817 3571 1043 3632 irarum
1063 3572 1313 3652 speique
1334 3570 1517 3651 pleni.
1596 3567 1780 3638 Nunc
1794 3567 2010 3658 jubent
2089 3575 2246 3628 trus-

255 3669 354 3713 cos
389 3655 608 3734 probra
639 3653 864 3732 jacere,
889 3669 1053 3712 nunc
1081 3649 1327 3716 armatis·
1360 3647 1472 3708 sibi
1498 3645 1755 3724 quisque
1780 3645 1987 3726 lingua
2011 3662 2245 3726 promp-
