2400 4109
203 145 351 200 222·
393 179 399 186 .
873 121 880 128 ’
1037 137 1117 199 Τ.
1145 139 1361 200 mvn

221 299 473 368 animos,
526 317 644 360 non
685 297 910 380 majore
950 297 1087 361 odio
1113 299 1301 380 regni,
1348 299 1528 378 quim
1554 297 1744 379 ipsius
1790 296 1997 388 regis3
2039 297 2247 378 gravis

212 382 342 460 jam
369 379 630 444 isantea
657 381 822 459 genti
847 385 1045 440 tuerat
1069 379 1279 458 opibus
1323 379 1741 458 superbiaque,
1794 397 1936 456 quia
1963 377 2243 438 solennia

229 459 527 527 ludorum,
581 477 731 538 quos
773 458 1088 520 intermitti
1131 458 1303 517 nefas
1345 463 1459 528 est,
1510 459 1808 518 violenter
1850 457 2247 518 diremisset:

231 557 416 617 quum
443 540 517 596 ob
543 539 691 598 iram
719 539 994 630 repulsae,
1022 537 1187 616 quod
1216 537 1494 618 suffragio
1542 537 1858 598 duodecim
1884 537 2247 618 populorum

227 617 385 677 alius
415 611 694 696 sacerdos
747 637 802 676 e1
842 617 1132 697 praelatus
1178 625 1359 686 esset,
1412 617 1693 686 artifices,
1741 637 1991 695 quorum
2022 636 2248 698 magna

229 717 371 778 pars
397 696 588 776 ipsius
615 697 770 758 servi
799 702 988 764 erant,
1041 717 1116 756 ex
1169 695 1369 758 medio
1404 697 1640 756 ludicro
1678 699 1924 776 repente
1972 697 2247 756 abduxit.

237 777 406 836 Gens
434 777 654 856 itaque,
701 781 842 836 ante
869 797 1074 836 omnes
1103 777 1253 836 alias
1280 797 1349 836 eo
1388 776 1576 857 magis
1604 777 1814 836 dedita
1835 775 2247 856 religionibuS,

241 857 405 934 qued
435 857 754 917 excelleret
803 863 930 916 arte
973 854 1214 916 colendi
1254 875 1377 926 eas,
1422 855 1708 923 auxilium
1738 857 2101 935 Vejentibus
2144 875 2249 914 ne-

237 937 518 1016 gandum,
567 936 759 996 donec
808 939 916 995 sub
958 956 1096 1016 rege
1139 945 1359 1004 essent,
1412 936 1683 995 decrevit
1710 956 1729 1006 3
1760 937 1959 1015 .cujus
2014 933 2249 995 decreti

239 1035 560 1094 suppressa
599 1015 760 1076 fama
787 1023 879 1076 est
921 1016 1090 1095 VeJis
1115 1021 1356 1098 propter
1383 1022 1605 1076 metum
1645 1014 1801 1096 regis
1830 1035 1851 1086 3
1892 1013 2018 1094 qui,
2066 1017 2104 1094 a
2132 1034 2249 1093 quo

237 1099 362 1153 tale
402 1095 547 1172 quid
576 1095 805 1156 dictum
850 1095 1196 1166 referretur,
1248 1117 1355 1175 pro
1402 1095 1713 1156 seditionis
1762 1115 1895 1154 eum
1949 1094 2250 1174 principe,

235 1192 358 1234 non
385 1175 525 1234 vani
568 1176 858 1236 sermonis
884 1176 1498 1244 auctorem,⁴habebat.
1577 1175 1865 1236 Romanis
1886 1174 2001 1234 etsi
2024 1174 2251 1254 quietae

235 1273 336 1312 res
366 1275 438 1313 ex
466 1256 711 1314 Etruria
736 1255 1191 1324 nunciabantur,
1238 1263 1461 1326 tamen,
1504 1254 1645 1334 quia
1671 1256 1941 1314 omnibus
1970 1253 2249 1314 conciliis

231 1352 365 1392 eam
394 1355 519 1394 rem
547 1335 755 1414 agitari
783 1336 1156 1399 afferebatur,
1177 1335 1263 1394 ita
1288 1336 1656 1403 muniebant,
1698 1341 1763 1393 ut
1796 1332 2083 1413 ancipitia
2109 1354 2245 1393 mu·
2270 1381 2274 1384 .

234 1413 506 1474 nimenta
534 1421 737 1474 essent
761 1435 777 1471 :
817 1412 934 1473 alia
960 1414 1022 1473 in
1045 1417 1247 1474 urbem
1279 1421 1340 1474 et
1362 1425 1572 1477 contra
1596 1415 2028 1495 oppidanorum
2062 1433 2245 1494 erup-

228 1491 426 1553 tiones
454 1515 668 1554 versa:
709 1491 844 1554 aliis
889 1493 1054 1553 frons
1099 1494 1162 1552 in
1212 1493 1513 1554 Etruriam
1563 1501 1843 1574 specta-ns
1869 1493 2135 1563 auxiliis,
2190 1491 2243 1552 si

231 1593 352 1651 qua
379 1573 530 1633 forte
557 1574 696 1634 inde
725 1573 1016 1644 venirent,
1045 1574 1475 1635 obstruebatur.

317 1655 401 1712 ΙΙ.
443 1651 639 1726 Quum
669 1655 1034 1734 spes-major
1072 1654 1523 1734 imperatoribus
1568 1651 1857 1714 Romanis
1908 1652 1971 1711 in
2018 1651 2240 1714 obsidi-

233 1751 369 1801 one,
396 1733 576 1810 quam
605 1734 667 1794 in
711 1734 1170 1813 oppugnatione,
1220 1742 1379 1795 esset
1407 1754 1425 1805 ;
1450 1731 1850 1793 hibernacula
1897 1732 2103 1804 etiam,
2151 1751 2243 1792 res

233 1830 390 1870 nova
438 1811 614 1872 militi
653 1814 941 1880 Romano,
995 1806 1283 1874 aedificari
1328 1820 1573 1892 coepta:
1616 1812 2053 1891 consiliumque
2096 1818 2243 1882 erat,

233 1887 553 1951 hiemando
591 1893 938 1951 continuare
983 1889 1248 1962 bellum3
1290 1893 1448 1972 quod
1488 1900 1805 1974 postquam
1832 1892 2090 1952 tribunis
2162 1894 2244 1952 le-

235 1969 346 2040 bis,
387 1971 616 2051 jamdiu
650 1972 875 2030 nullam
903 1972 1164 2030 novandi
1201 1991 1299 2031 res
1343 1993 1579 2032 causam
1608 1971 2075 2041 invenientibus,
2118 1915 2245 2032 ito-

235 2069 392 2112 mam
423 2057 518 2111 est
542 2050 812 2120 allatum,
865 2050 928 2110 in
959 2050 1303 2112 concionem
1349 2050 1684 2132 prosiliunt,
1740 2049 2069 2112 sollicitant
2116 2051 2244 2134 ple-

235 2130 328 2190 bis
371 2131 616 2200 animos,
669 2143 703 2167 “
727 2131 862 2190 Hoc
903 2131 1058 2190 illud
1085 2133 1263 2192 esse„
1313 2131 1681 2202 dictitanteS,
1732 2132 1949 2211 “qued
1978 2151 2106 2191 aera
2136 2131 2245 2192 mi-

236 2209 448 2272 litibus
477 2212 599 2272 'sint
625 2211 948 2271 constituta
977 2233 994 2282 3
1035 2231 1146 2271 nec
1190 2232 1255 2271 se
1278 2211 1583 2282 fefellisse,
1625 2212 1687 2271 id
1716 2211 1937 2271 donum
1967 2209 2243 2272 inimico-

236 2309 373 2350 rum
401 2311 630 2352 veneno
655 2290 876 2351 illitum
903 2291 1049 2350 fore.
1127 2292 1387 2352 Venisse
1413 2293 1751 2352 libertatem
1776 2290 2008 2372 plebist
2049 2311 2245 2352 remo—

238 2375 364 2430 tam
393 2371 456 2430 in
486 2377 840 2451 perpetuum
889 2377 952 2430 et
977 2371 1311 2452 ablegatam
1338 2374 1410 2432 ab
1436 2375 1580 2432 urbe
1608 2377 1671 2431 et
1696 2373 1771 2431 ab
1796 2370 2106 2450 republica
2139 2374 2241 2452 ju-

238 2457 572 2520 ventutem,-
610 2453 739 2530 jam
777 2465 862 2510 *n'e
887 2449 1067 2510 hiemi
1115 2451 1356 2530 quidem
1406 2459 1511 2512 aut
1533 2450 1787 2532 tempori
1814 2449 1958 2511 anni
2005 2452 2243 2520 cedere,

237 2549 312 2588 ac
341 2531 545 2590 domos
573 2538 640 2589 et
661 2549 757 2589 res
783 2528 1046 2589 invisere
1087 2551 1245 2601 suas.
1326 2533 1521 2606 Quam
1559 2537 1845 2612 putarent
1869 2531 2238 2592 continuatae

240 2608 479 2670 militiae
535 2629 778 2668 causam
833 2629 964 2668 esse
987 2610 1038 2666 P-
1069 2611 1298 2670 nullam
1349 2611 1622 2690 profecto
1668 2610 2243 2680 aliaminventumS,

236 2689 420 2766 quam
446 2708 522 2748 ne
551 2687 696 2767 quid
722 2709 829 2768 per
854 2687 1255 2766 frequentiam
1294 2691 1583 2770 juvenum
1632 2711 1855 2759 eorum,
1907 2690 1971 2749 in
2018 2690 2237 2769 quibus

236 2767 398 2828 vires
423 2787 628 2828 omnes
654 2767 846 2850 plebis
872 2774 1092 2838 essent,
1144 2769 1240 2851 agi
1267 2770 1344 2830 de
1385 2770 1709 2830 commodis
1756 2789 1959 2830 eorum
2012 2777 2238 2850 posset.

238 2848 462 2910 Vexari
508 2857 805 2928 praeterea
851 2854 914 2908 et
961 2848 1151 2931 subigi
1191 2851 1381 2911 multo
1405 2850 1623 2920 acriuS,
1664 2848 1857 2929 squam
1904 2849 2240 2930 Vejentes;

237 2929 461 3010 quippe
478 2928 614 2988 illos
633 2929 886 2990 hiemem
910 2932 1018 2988 sub
1040 2930 1217 2990 tectis
1240 2931 1365 2990 suis
1389 2951 1583 3012 agere,
1610 2930 1859 3011 egregiis
1880 2931 2069 2989 muris
2091 2931 2241 2990 situ-

237 3030 358 3088 que
386 3009 644 3070 naturali
670 3011 871 3069 urbem
921 3015 1189 3071 tutantes
1219 3031 1235 3069 ε
1274 3011 1527 3070 militem
1568 3011 1902 3070 Romanum
1950 3009 2013 3068 in
2064 3029 2239 3090 opere

239 3109 312 3150 ac
340 3091 560 3159 labore,
585 3089 821 3150 nivibus
847 3089 1194 3170 pruinisque
1250 3093 1541 3163 obrutum,
1568 3092 1677 3148 sub
1703 3089 1959 3170 pellibus
2002 3089 2239 3159 durare,

237 3189 317 3230 ne
343 3165 551 3230 hiemis
571 3168 813 3246 quidem
843 3168 1217 3249 spati0,‘quae
1261 3170 1525 3230 omnium
1550 3169 1838 3228 bellorum
1866 3175 2032 3229 terra
2061 3171 2257 3230 mari*

235 3251 359 3311 bue
405 3249 486 3310 sit
511 3249 703 3328 quieS,
731 3269 895 3309 arma
915 3249 1331 3330 deponentem.
1414 3251 1550 3310 Hoc
1572 3269 1769 3328 neque
1803 3268 1993 3329 reges,
2042 3269 2238 3330 neque

239 3336 382 3389 ante
401 3328 774 3389 tribuniciam
798 3335 1153 3409 'potestatem
1206 3335 1466 3390 creatam
1490 3333 1770 3410 superbos
1791 3329 1928 3390 illos
1944 3331 2239 3399 consuleS,

234 3426 434 3486 neque
453 3409 622 3468 triste
642 3407 950 3469 dictatoris
967 3409 1302 3489 imperium,
1320 3429 1518 3489 neque
1538 3408 1909 3490 importunos
1935 3408 2236 3471 decemvi-

230 3501 329 3542 ros
350 3487 679 3566 injunxisse
702 3487 1024 3556 servitutiS,
1043 3496 1112 3548 ut
1136 3509 1461 3569 perennem
1482 3489 1751 3549 militiam
1772 3489 2062 3557 facerent,
2078 3489 2237 3568 quod

229 3561 452 3622 tribuni
477 3568 730 3628 militum
758 3569 824 3627 in
892 3569 1023 3627 lebe
1043 3569 1314 3630 Romana
1335 3589 1577 3652 regnum
1602 3573 1967 3630 exercerent.
2048 3569 2238 3643 Quid-

228 3653 365 3696 nam
392 3641 482 3730 illi
511 3649 785 3708 consules
874 3649 1232 3710 ictatoresve
1260 3649 1479 3710 facturi
1527 3656 1748 3718 essent,
1774 3648 1879 3727 qui
1948 3667 2233 3709 roconsu-

225 3710 411 3775 larem
436 3723 754 3801 imaginem
779 3734 903 3790 tam
919 3747 1235 3791 -saevam·ac
1264 3736 1495 3792 trucem
1517 3727 1815 3792 fecerint?
1944 3727 2021 3788 ed
2043 3727 2108 3788 id
2128 3748 2228 3790 ae·
