2400 4109
1632 11 1663 19 „a

140 103 270 186 ,154
685 63 690 70 ’
997 93 1078 159 Τ.
1105 89 1323 160 mvn

147 262 279 330 bus,
317 255 486 320 unde
514 261 746 338 Aspero
771 253 952 318 etiam
977 254 1237 316 inditum
1262 261 1359 318 est
1397 269 1745 338 cognomen,
1782 258 2161 321 tribunatum

190 340 353 402 essit.
453 339 611 400 'Inde
654 335 745 396 M.
772 337 1074 430 Geganius
1104 335 1455 398 Macerinus
1502 343 1565 398 et
1589 339 1662 399 C.
1688 339 1905 410 Julius,
1930 349 2159 400 cons'u-
2214 413 2221 418 .

147 362 240 482 fes
267 419 430 488 facti,
473 417 764 482 coitiones
805 419 1192 486 tribunorum,
1232 416 1520 478 adversus
1546 418 1837 480 nobilium
1862 423 2161 501 juventu-

149 507 275 570 tem
301 506 480 569 ortas,
515 501 644 560 sine
670 497 1063 558 insectatione
1089 498 1405 578 potestatis
1444 499 1497 579 ej
1506 517 1595 569 us,
1642 505 1995 561 conservata
2020 519 2161 562 ma·

136 581 366 660 jestate
393 579 660 648 Patrum,
689 577 970 638 sedavere
997 597 1014 648 ;
1058 579 1310 658 plebem,
1332 579 1577 646 decreto
1604 579 1681 640 ad
1706 581 1931 640 bellum
1972 580 2163 641 Vols-

149 680 357 720 corum
399 669 462 722 et
502 665 832 737 AEquorum
861 658 1122 728 delectu,
1175 658 1531 720 mstinendo
1556 679 1703 730 rem,
1734 663 1815 721 ab
1842 659 2161 721 seditioni-

145 740 258 800 bus
287 740 636 800 continuere
659 759 676 796 e
718 739 943 810 urbano
971 758 1213 818 quoque
1259 738 1380 800 otio
1420 739 1565 800 foris
1592 740 1790 802 omnia
1818 741 2161 820 tranquilla

147 839 283 880 esse
309 819 688 887 affirmantes,
714 838 823 900 per
843 818 1174 880 discordias
1216 817 1425 880 civiles
1449 825 1731 882 externos
1770 821 1982 882 tollere
2024 820 2159 881 ani·

146 919 295 961 mos.
375 901 539 960 Cura
583 898 766 980 paciS,
815 899 1152 960 concordiae
1184 910 1433 978 'quoque
1456 900 1765 962 intestinae
1796 921 1981 962 causa
2018 900 2159 962 fuit.

143 981 268 1040 Sed
315 980 466 1040 alter
507 999 742 1060 semper
773 979 926 1040 ordo
952 979 1148 1060 gravis
1177 979 1425 1040 alterius
1468 980 1777 1043 modestiae
1808 988 1976 1052 erat;
2016 981 2157 1060 qui-

145 1058 376 1120 escenti
403 1057 563 1139 plebi
585 1061 658 1119 ab
679 1060 1016 1139 junioribus
1041 1061 1289 1120 Patrum
1313 1060 1551 1140 injuriae
1579 1060 1709 1120 fieri
1750 1071 2009 1141 coeptse3
2048 1061 2155 1121 ubi

143 1136 367 1200 tribuni
393 1139 616 1200 auxilio
640 1138 1048 1200 humilioribus
1077 1146 1295 1209 essent,
1342 1140 1407 1198 in
1450 1139 1655 1220 primis
1695 1161 1907 1220 parum
1934 1141 2155 1220 prode-

141 1225 277 1279 ratz
318 1218 540 1279 deinde
585 1239 662 1279 ne
704 1219 818 1299 ipsi
863 1219 1104 1298 quidem
1151 1218 1425 1278 inviolati
1452 1227 1643 1288 erant,
1668 1216 1881 1298 utique
1920 1227 2155 1310 postre-

141 1299 258 1359 mis
297 1299 619 1368 mensibus,
665 1317 851 1376 quum
901 1305 962 1358 et
1007 1319 1116 1377 per
1156 1297 1445 1358 coitiones
1484 1296 1888 1378 potentiorum
1927 1297 2176 1377 injuria„-

50 1420 58 1430 ·
143 1379 336 1448 fieret,
383 1385 446 1438 et
471 1379 562 1440 vis
621 1377 914 1438 otestatis
937 1378 1130 1436 omnis
1156 1375 1819 1470 aliquantoposterioro
1848 1378 1991 1438 anni
2011 1397 2153 1458 par·—

141 1465 206 1520 te
232 1459 333 1518 lan
375 1457 568 1517 uidior
621 1477 781 1517 erme
803 1464 964 1517 esset
984 1474 1019 1515 τ’
1035 1459 1284 1538 jamque
1305 1457 1478 1537 ’plebs
1504 1464 1590 1518 ita
1616 1457 1681 1517 in
1706 1457 2011 1518 tribunatu
2039 1477 2153 1538 po·
2182 1477 2184 1482 ·

143 1558 288 1599 nere
317 1479 544 1617 fiiquid
573 1537 718 1618 spei,
768 1536 820 1596 si
867 1537 1098 1598 similes
1118 1537 1293 1596 Icilio
1340 1537 1609 1598 tribunos
1632 1537 1920 1599 haben-etz
1959 1537 2154 1598 nomi-

141 1639 224 1678 na
247 1619 486 1684 tantum
513 1638 578 1676 se
598 1616 838 1678 biennio
861 1617 1156 1678 habuisse.
1237 1617 1517 1678 Seniores
1546 1619 1753 1678 contra
1787 1619 2047 1686 Pati-um,
2075 1624 2161 1680 ut‘

143 1697 322 1757 nimis
363 1697 595 1756 feroces
623 1717 762 1756 suos
791 1697 1036 1758 credere
1070 1701 1329 1777 Juvenes
1358 1717 1533 1769 esse3
1572 1698 1659 1771 ita
1684 1699 1899 1768 malle,
1945 1697 1998 1759 si
2024 1719 2153 1760 mo-

145 1777 258 1836 dus
287 1777 671 1836 excedendus
697 1783 876 1846 esset,
905 1777 1048 1846 suis,
1075 1777 1259 1856 quam
1280 1777 1657 1847 adversariiS,
1684 1797 1997 1859 superesse
2020 1779 2150 1838 ani-

141 1872 268 1916 mos
290 1875 316 1925 ,ς
359 1855 510 1914 adeo
538 1855 861 1917 moderatio
907 1858 1154 1916 tuendae
1181 1856 1495 1926 libertatis,
1548 1857 1691 1916 dum
1732 1859 1963 1936 aequari
1990 1859 2151 1920 velle

137 1934 478 2001 simulando
497 1934 584 1994 ita
612 1954 676 1993 se
705 1935 960 2014 quisque
986 1933 1239 2003 extollit,
1267 1941 1337 1994 ut
1362 1935 1879 2014 deprimatalium,
1906 1938 1970 2002 in
1992 1938 2149 1998 difli-

62 2049 74 2062 ·
137 2015 246 2074 cili
285 2023 413 2074 est:
455 2014 842 2092 cavendoque
870 2033 946 2073 ne
976 2020 1248 2074 metuant
1271 2013 1560 2084 homines,
1604 2011 2145 2078 metuendos‘ultro

134 2115 204 2156 se
243 2095 550 2166 efficiuntt
587 2100 648 2153 et
671 2093 950 2174 injuriam
979 2095 1014 2154 a
1039 2093 1209 2154 nobis
1234 2093 1554 2174 repulsam,
1594 2101 1879 2176 tanquam
1922 2103 2027 2158 aut
2050 2097 2141 2158 fa-

139 2195 277 2235 cere
305 2181 408 2234 aut
434 2172 561 2255 pati
587 2193 834 2232 necesse
857 2174 956 2242 sit,
975 2173 1343 2254 injungi-mus
1370 2175 1521 2234 aliis.

222 2255 448 2314 LXVI.
509 2253 585 2312 Τ.
634 2253 951 2326 Quinctius
1005 2253 1381 2334 Capitolinus
1434 2253 1716 2332 quartum
1756 2261 1819 2318 et
1871 2255 2140 2339 Agrippa

139 2333 378 2404 Fut-im,
423 2333 698 2393 consules
738 2333 880 2392 inde
922 2333 1084 2403 facti,
1127 2353 1240 2394 nec
1270 2332 1619 2395 seditionem
1648 2335 1829 2406 domi,
1854 2357 1968 2397 nec
1994 2337 2139 2398 foris

137 2413 380 2483 bellum,
433 2419 836 2504 acceperunt:
877 2413 984 2472 sed
1031 2413 1376 2473 imminebat
1429 2421 1765 2494 utrumque.
1844 2417 1980 2478 Jam
2018 2437 2139 2480 non

138 2493 302 2552 ultra
349 2491 648 2552 discordia
687 2491 907 2555 civium
933 2491 1176 2573 reprimi
1202 2500 1453 2587 poterat,
1506 2501 1569 2554 et
1594 2495 1849 2556 tribunis
1876 2504 1939 2560 et
1963 2499 2139 2578 plebe

140 2571 391 2633 incitata
429 2572 494 2631 in
535 2573 766 2640 Patres,
817 2593 1003 2652 quum
1045 2573 1175 2632 dies
1219 2573 1403 2632 alicui
1442 2574 1725 2634 nobilium
1762 2575 1935 2638 *dicta
1974 2579 2143 2640 novis

135 2671 374 2732 semper
417 2652 836 2712 certaminibus
887 2651 1202 2714 conciones
1250 2655 1557 2724 turbaret;
1596 2655 1674 2714 ad
1718 2675 1974 2734 quarum
2022 2659 2141 2750 pri·
2178 2682 2180 2685 ·

137 2751 302 2791 mum
327 2731 663 2824 strepitum,
694 2733 862 2816 velujt
892 2732 1062 2812 signo
1089 2740 1355 2812 accepto,
1407 2751 1575 2792 arma
1622 2755 1835 2816 cepere
1856 2739 2049 2816 AEqui
2076 2759 2143 2800 ac

137 2809 383 2872 Volsci:
425 2811 604 2872 simul
651 2811 815 2890 quod
853 2809 1261 2892 persuaserint
1304 2812 1378 2872 iis
1405 2813 1611 2884 duceS,
1664 2816 1867 2896 cupidi
1906 2817 2137 2896 p'roeda-

135 2910 289 2962 rum,
332 2903 370 2928 “
387 2890 626 2950 biennio
667 2894 804 2950 ante
833 2891 1135 2953 delectum
1160 2892 1453 2952 indictum
1480 2893 1683 2954 haberi
1708 2916 1828 2957 non
1856 2898 2139 2977 potuisse,

132 2975 431 3032 abnuente
471 2972 598 3050 jam
644 2971 817 3051 plebe
871 2971 1227 3052 imperium;
1270 2993 1341 3033 eo
1383 2973 1668 3034 adversus
1722 2996 1787 3036 se
1836 2997 1957 3038 non
2008 2999 2139 3039 esse

137 3051 349 3111 missos
391 3051 730 3122 exercitus3
771 3047 1019 3111 dissolvi
1069 3051 1315 3114 licentia
1368 3054 1664 3114 militandi
1716 3075 1939 3116 morem
1968 3077 1987 3128 ;
2028 3077 2138 3121 nec

134 3151 244 3211 pro
271 3128 566 3192 communi
607 3131 733 3212 jam
761 3131 954 3212 patria
981 3133 1236 3195 Romam
1260 3153 1397 3194 esse
1420 3153 1439 3205 ;
1480 3135 1767 3214 quicquid
1793 3136 2017 3198 irarum
2059 3139 2137 3199 si·
2246 3141 2249 3144 ⁴

131 3212 570 3289 multatumqne
599 3213 1026 3286 cumvexternis
1066 3211 1265 3283 fuerit,
1291 3213 1355 3274 in
1382 3214 1543 3294 ipsos
1568 3215 1766 3286 verti3
1806 3223 2137 3280 occaecatos

131 3287 308 3370 lupos
353 3290 640 3352 intestina
679 3291 840 3351 rabie
889 3293 1259 3372 opprimendi
1298 3293 1671 3356 occasionem
1698 3299 1893 3356 esse.'’
1976 3298 2136 3360 Con·

6 3423 11 3454 1
124 3369 360 3457 junctis
409 3370 765 3430 exercitibus
829 3372 1114 3432 Latinum
1168 3374 1420 3454 primum
1488 3395 1713 3456 agrum·
1758 3378 2132 3460 perpopulati

40 3459 46 3462 ·
133 3453 276 3521 sunt
295 3468 323 3524 ς,
353 3449 572 3510 deinde
617 3457 932 3531 postquam
975 3451 1053 3512 ibi
1097 3473 1272 3514 nemo
1313 3453 1535 3515 vindex
1582 3459 1947 3526 occurrebat,
2000 3466 2127 3518 tum

135 3525 296 3608 vero,
344 3529 778 3592 exsultantibus
816 3532 959 3614 belli
995 3533 1359 3603 auctoribus,
1382 3535 1459 3596 ad
1506 3536 1727 3598 moenia
1751 3537 1888 3618 ipsa·
1920 3538 2126 3600 Romae
2236 3573 2239 3578 ·

132 3600 532 3676 populabundi
573 3611 810 3690 regione
853 3621 1040 3692 portae
1089 3614 1417 3693 Esquilinae
1458 3637 1787 3686 accessere,
1838 3616 2121 3676 vastatio-

133 3688 271 3732 *κω
289 3695 560 3756 agrorum
585 3707 694 3781 per
719 3691 1144 3758 contumeliam
1167 3695 1303 3758 urbi
1324 3703 1741 3770 ostentantem
1776 3695 1934 3758 unde
1960 3702 2125 3778 post-
2180 3727 2183 3732 ·
