2400 4109
42 1347 52 1582 -—v-—-t—--
42 1089 54 1336 <—-·-———ffi·.ffi
41 1037 46 1078 -ss-
42 999 44 1002 v
42 971 44 976 -

42 2931 53 3012 .-.--

931 174 1192 236 LIBER
1217 173 1293 244 V.
1974 227 1983 230 ,
2058 173 2175 226 243

177 339 430 417 patriam
459 343 638 416 atque
668 336 849 405 civeS,
876 336 1101 396 nullam
1129 335 1250 394 vim
1272 349 1535 412 unquam
1565 333 1937 392 subacturam
1964 349 1983 400 ς
2012 333 2073 388 et
2098 327 2177 386 T.

182 417 536 487 Sicinium„
569 417 644 496 (is
679 417 850 489 ¹enim
898 437 972 476 ex
1006 415 1259 476 tribunis
1286 412 1474 496 plebis
1502 410 1825 492 rogationis
1853 411 1981 488 ejus
2024 411 2177 469 lator

179 501 328 579 erat)
379 498 806 570 “conditorem
846 497 1030 576 Vejos
1079 501 1427 574 sequantur,
1480 494 1693 552 relicto
1728 491 1875 550 Deo
1903 489 2177 558 Romaiu,

179 577 296 636 Dei
325 578 466 648 filio,
493 576 741 658 parente
768 583 830 634 et
857 582 1099 650 auctore
1126 573 1287 637 urbis
1316 573 1587 634 Remea„

256 659 454 717 XXV.
497 659 662 718 Haec·
701 676 886 736 quum
939 655 1120 716 foedis
1158 653 1581 732 certaminibus
1622 657 1957 732 agerentur,
2012 651 2177 732 (nam

177 745 407 816 partem
438 738 810 798 tribunorum
834 734 1028 828 plebis
1065 735 1278 793 ‘Patres
1326 733 1391 792 in
1432 731 1599 792 suam
1628 731 1986 792 sententiam
2012 736 2199 792 trax-.

172 821 370 898 erant)
426 819 614 878 nulla-
643 836 739 876 res
787 817 906 875 aha
951 815 1221 874 manibus
1256 819 1586 892 temperare
1627 812 1859 892 plebem
1914 813 2185 892 cogebat,

147 919 150 922 ·
181 899 364 975 quam
391 897 576 976 quod,
624 895 725 972 ubi
775 891 919 954 rixae
949 893 1390 954 committendae
1420 898 1598 950 causa
1626 893 1851 951 clamor
1876 900 2043 951 ortus
2084 909 2177 950 es-

179 983 294 1046 set,
322 976 621 1057 principes
649 982 912 1043 senatfiS,
954 973 1128 1056 primi
1153 975 1343 1032 turbae
1366 971 1681 1050 offerentes
1720 991 1805 1040 se,
1830 971 1967 1051 peti,
1996 970 2179 1040 feriri,

174 1062 366 1134 atque
393 1056 586 1114 occidi
617 1057 907 1136 jubebant
935 1075 954 1124 3
992 1057 1064 1114 ab
1109 1054 1323 1112 horum
1370 1051 1649 1111 aetatibus
1674 1050 2179 1132 dignitatibusque

174 1140 246 1196 et
272 1135 586 1195 honoribus
612 1135 906 1194 violandis
948 1134 1090 1192 dum
1118 1133 1544 1200 abstinebatur,
1592 1136 1655 1190 et·
1680 1132 1756 1190 ad
1798 1131 2057 1210 reliquos
2098 1131 2183 1189 si-

179 1215 356 1276 miles
403 1222 648 1274 conatus
704 1213 1064 1274 verecundia
1101 1213 1209 1272 irae
1259 1214 1576 1281 obstabat3
1618 1210 1911 1270 Camillus
1959 1211 2177 1270 identi-

171 1295 321 1354 dem
370 1295 637 1354 omnibus
666 1295 814 1354 locis
844 1293 1349 1353 concionabatur:
1390 1303 1425 1328 “
1450 1291 1630 1350 Haud
1680 1291 1911 1350 mirum‘
1937 1290 2003 1349 id·
2043 1289 2177 1368 qui-

174 1375 318 1434 dem
367 1395 518 1443 esse,
547 1373 743 1434 fur-ere
771 1373 1094 1442 civitatem,
1137 1391 1292 1450 quae,
1320 1373 1601 1438 damnata
1628 1369 1768 1439 voti,
1790 1369 2054 1429 omnium
2082 1390 2179 1429 re-

177 1473 314 1514 rum
345 1454 628 1532 potiorem
647 1473 873 1524 curam,
902 1455 1082 1532 quam
1110 1452 1397 1532 religione
1425 1471 1490 1511 se
1534 1450 1898 1519 exsolvendi,
1946 1449 2177 1511 habeat.

177 1534 351 1593 Nihil
395 1535 471 1593 de
519 1531 838 1594 collatione
879 1533 1099 1602 dicere,
1143 1533 1313 1623 stipis
1359 1530 1581 1599 verius,
1628 1531 1821 1609 quam·
1862 1529 2127 1590 decumae
2154 1549 2194 1600 ς·

175 1614 421 1692 quando
463 1621 536 1673 ea
605 1633 670 1673 se
723 1613 978 1692 quisque
1074 1610 1306 1671 rivatim
1358 1610 1725 1692 obligaverit,
1772 1609 2058 1669 liberatus
2098 1609 2177 1670 sit

175 1693 452 1774 populus.
533 1692 871 1762 Enimvero,
899 1633 1138 1752 illutfse
1162 1697 1381 1761 tacere,
1410 1708 1577 1750 suam
1606 1689 2033 1750 conscientiam
2054 1709 2175 1750 non

175 1772 350 1852 pati:
393 1771 554 1851 quod
609 1793 682 1832 ex
724 1793 795 1832 ea
842 1773 1078 1832 tantum
1106 1772 1331 1850 praeda,
1384 1791 1517 1850 quae
1570 1788 1771 1830 rerum
1811 1769 2175 1830 moventium

167 1851 276 1922 sit,
305 1851 558 1912 decuma
579 1851 924 1932 designetur
952 1873 968 1910 ε
1009 1851 1170 1911 urbis
1214 1857 1393 1930 atqu-e
1422 1849 1545 1910 atrri
1573 1850 1751 1931 capti,
1794 1869 1927 1929 quae
1958 1849 2065 1910 eti
2108 1870 2176 1912 sa.

173 1936 316 1990 voto
351 1931 746 2002 contineatur,
789 1932 1149 1992 mentionem
1179 1931 1408 1991 nullam
1448 1899 1493 1990 fi
2032 1929 2037 1932 ’

173 2029 248 2068 ce
291 2010 456 2078 tatio,
505 2031 651 2070 anee
695 2031 724 2070 s
773 2011 1007 2072 senatui
1034 2011 1182 2081 visa,
1226 2011 1499 2091 delegata
1526 2011 1600 2070 ad
1630 2009 1942 2090 pontificos
1964 2017 2173 2080 esset3

169 2089 254 2148 ad
271 2089 441 2148 1ibit0
463 2090 658 2150 Camil
683 2111 738 2157 o,
781 2091 974 2150 visum
1003 2090 1272 2172 collegio,
1300 2091 1459 2168 quod
1488 2092 1617 2168 ejus
1645 2097 1785 2150 ante
1815 2096 2193 2168 conceptum·

172 2175 382 2228 votum
405 2169 748 2249 Vejentium
773 2170 1006 2238 fuisset,
1028 2177 1091 2230 et
1117 2175 1255 2250 post
1281 2175 1481 2229 votum
1509 2171 1571 2229 in
1598 2174 1955 2251 potestatem
1982 2189 2172 2250 popu-

169 2248 220 2308 li
251 2248 504 2309 Romani
545 2249 825 2317 venisset,
873 2252 1004 2329 ejus
1043 2257 1273 2329 partem
1300 2250 1615 2310 decumam
1644 2249 1912 2330 Apollini
1941 2249 2205 2310 sacram*

167 2347 328 2388 esse.
413 2330 506 2389 lta
534 2329 597 2388 in
626 2330 1083 2392 aestimationem
1110 2333 1251 2388 urbs
1278 2349 1535 2410 agerque
1564 2330 1730 2390 venit
1757 2350 1773 2387 ε
1815 2329 2068 2408 pecunia
2095 2350 2171 2390 ex

173 2405 389 2467 aerario
417 2416 704 2488 prompta,
734 2415 796 2468 et
821 2409 1074 2468 tribunis
1097 2409 1351 2468 militum
1384 2409 1809 2478 consularibuS,
1862 2414 1931 2471 ut
1956 2429 2171 2472 aurum

170 2507 248 2546 ex
299 2507 370 2546 ea
401 2495 759 2558 coemerent,
808 2488 1108 2566 negotium
1154 2489 1360 2548 datum
1388 2509 1407 2558 3
1450 2491 1619 2568 cujus
1646 2489 2027 2569 quum'copia
2047 2509 2169 2550 non

168 2571 354 2636 esset,
382 2573 686 2646 matronae,
715 2567 966 2639 coetibus
1015 2567 1092 2626 ad
1121 2587 1249 2628 eam
1278 2588 1405 2640 rem
1435 2568 1886 2630 consultandam
1934 2569 2167 2640 habitis,

169 2655 236 2706 et
285 2647 585 2711 communi
643 2647 886 2716 decreto
926 2647 1225 2728 pollicitae.
1250 2647 1503 2708 tribunis
1553 2649 1810 2710 militum
1854 2669 2063 2710 aurum
2106 2657 2169 2711 et
2234 2655 2255 2664 “

167 2727 368 2787 omnia
419 2735 766 2787 ornamenta
814 2723 940 2796 sua,
987 2727 1050 2786 in
1099 2729 1373 2789 serarium
1422 2729 1785 2789 detulerunt.
1866 2729 2054 2790 Grata
2094 2751 2167 2791 ea

164 2825 286 2874 reS,
313 2813 380 2866 ut
408 2827 538 2886 quae
581 2807 834 2868 maxime
861 2807 1096 2868 senatui
1133 2829 1415 2887 unquam,
1452 2808 1612 2868 fuitz
1652 2809 2051 2888 honoremque
2092 2813 2166 2870 ob
2202 2863 2205 2868 .

165 2905 302 2946 eam
331 2886 794 2954 munificentiam
822 2887 1024 2957 ferunt
1065 2887 1351 2948 matronis
1390 2889 1673 2957 habitum,
1722 2895 1791 2948 ut
1835 2891 2062 2968 pilento
2087 2890 2165 2950 ad

165 2985 341 3026 sacra
368 2965 676 3045 ludosque,
705 2967 1002 3046 carpentis
1027 2966 1182 3026 festo
1209 2967 1587 3046 profestoque
1614 2975 1941 3031 uterentur.
2008 2969 2167 3028 Pon-

163 3045 312 3104 dere
350 3047 423 3105 ab
451 3045 698 3126 singulis
725 3046 854 3106 auri
880 3053 1126 3126 accepto
1157 3047 1591 3126 aestimatoque,
1643 3055 1713 3108 ut
1742 3047 2013 3128 pecuniae
2044 3047 2165 3107 sole

161 3131 470 3193 verentur,
513 3134 803 3187 crateram
821 3146 1056 3186 auream
1088 3126 1213 3185 fieri
1241 3127 1484 3207 placuit,
1510 3147 1649 3206 quae
1679 3127 1899 3187 donum
1929 3127 2165 3208 Apolli·-

163 3209 229 3264 ni
259 3205 524 3284 Delphos
567 3211 921 3286 portaretur.
1005 3204 1193 3265 Simul
1248 3210 1322 3266 ab
1348 3207 1633 3288 religione
1662 3208 1889 3268 animos
1915 3207 2162 3268 remise·

163 3291 325 3352 runt,
374 3285 676 3366 integrant
715 3285 1068 3345 seditionem
1099 3285 1321 3346 tribuni
1348 3287 1582 3366 plebis:
1622 3286 1907 3347 incitatur
1955 3287 2157 3348 multi-

164 3364 315 3423 tudo
357 3363 420 3426 in
465 3385 670 3426 omnes
717 3364 1037 3445 principeS,
1088 3373 1229 3425 ante
1282 3367 1429 3426 alios
1470 3367 1534 3426 in
1580 3367 1920 3426 Camillum.
2001 3368 2158 3428 Eum

160 3443 452 3526 praedam*
479 3445 877 3525 Vejentanam
932 3444 1289 3524 publicando
1329 3446 1739 3526 sacrandoque
1786 3446 1865 3506 ad
1903 3446 2157 3508 nihilum

159 3522 466 3602 redegisse
495 3545 514 3593 ς
554 3527 830 3584 absentes
851 3523 1128 3584 ferociter
1149 3525 1506 3606 increpant:
1547 3524 1952 3605 praesentium,
1970 3548 2155 3605 quum

163 3621 230 3662 se
276 3605 437 3662 ultro
479 3603 647 3664 iratis
695 3603 993 3674 offerrent,
1046 3607 1467 3666 verecundiam
1493 3606 1730 3666 habent.
1816 3603 2006 3666 'Simul
2050 3627 2154 3666 ex-

160 3681 317 3742 trahi
345 3703 469 3743 rem
499 3703 573 3743 ex
601 3705 672 3744 eo
699 3702 855 3746 anno
882 3683 1182 3753 viderunt,
1230 3684 1495 3745 tribunos
1543 3683 1731 3762 plebis
1756 3685 1975 3744 latores
2004 3684 2149 3762 legis

161 3760 230 3828 in
275 3780 500 3836 annum
525 3764 768 3833 eosdem
814 3761 1135 3838 reficiunt'3
1178 3771 1241 3826 et
1280 3765 1491 3830 Patres
1536 3764 1647 3828 hoc
1673 3762 1843 3830 idem.
1860 3763 1939 3824 de
1962 3762 2155 3837 intere,

1496 1931 1644 1990 eri.”
1727 1929 1925 2004 Quum
1952 1949 2023 1988 ea
2092 1931 2366 2004 isquam
