<?xml version="1.0" encoding="UTF-8"?>
<!DOCTYPE html PUBLIC "-//W3C//DTD XHTML 1.0 Transitional//EN"
    "http://www.w3.org/TR/xhtml1/DTD/xhtml1-transitional.dtd">
<html xmlns="http://www.w3.org/1999/xhtml" xml:lang="en" lang="en">
 <head>
  <title>
</title>
<meta http-equiv="Content-Type" content="text/html;charset=utf-8" />
  <meta name='ocr-system' content='tesseract 3.04.00' />
  <meta name='ocr-capabilities' content='ocr_page ocr_carea ocr_par ocr_line ocrx_word'/>
</head>
<body>
  <div class='ocr_page' id='page_1' title='image "./titiliviipatavi00livigoog_0257.png"; bbox 0 0 2400 4109; ppageno 0'>
   <div class='ocr_carea' id='block_1_1' title="bbox 22 0 127 166">
    <p class='ocr_par' dir='ltr' id='par_1_1' title="bbox 22 0 127 166">
     <span class='ocr_line' id='line_1_1' title="bbox 22 0 127 166; baseline 0 -162"><span class='ocrx_word' id='word_1_1' title='bbox 22 0 30 166; x_wconf 36' lang='grc' dir='ltr'><strong><em>ξ</em></strong></span> <span class='ocrx_word' id='word_1_2' title='bbox 124 1 127 4; x_wconf 79' lang='grc'><strong>,</strong></span> 
     </span>
    </p>
   </div>
   <div class='ocr_carea' id='block_1_2' title="bbox 22 321 30 430">
    <p class='ocr_par' dir='ltr' id='par_1_2' title="bbox 22 321 30 430">
     <span class='ocr_line' id='line_1_2' title="bbox 22 321 30 430; baseline 0 -12"><span class='ocrx_word' id='word_1_3' title='bbox 22 321 30 430; x_wconf 55' lang='grc' dir='ltr'><strong>ζ)</strong></span> 
     </span>
    </p>
   </div>
   <div class='ocr_carea' id='block_1_3' title="bbox 1091 116 1457 194">
    <p class='ocr_par' dir='ltr' id='par_1_3' title="bbox 1091 116 1457 194">
     <span class='ocr_line' id='line_1_3' title="bbox 1091 116 1457 194; baseline -0.003 0"><span class='ocrx_word' id='word_1_4' title='bbox 1091 116 1354 194; x_wconf 74' lang='lat' dir='ltr'>LIBER</span> <span class='ocrx_word' id='word_1_5' title='bbox 1378 130 1457 194; x_wconf 73' lang='lat' dir='ltr'><strong>v.</strong></span> 
     </span>
    </p>
   </div>
   <div class='ocr_carea' id='block_1_4' title="bbox 1453 319 2326 571">
    <p class='ocr_par' dir='ltr' id='par_1_4' title="bbox 1453 319 2326 571">
     <span class='ocr_line' id='line_1_4' title="bbox 1453 319 2326 571; baseline 0 -161"><span class='ocrx_word' id='word_1_6' title='bbox 1453 319 2326 571; x_wconf 95' lang='lat' dir='ltr'><strong>    </strong></span> 
     </span>
    </p>
   </div>
   <div class='ocr_carea' id='block_1_5' title="bbox 247 289 2269 1330">
    <p class='ocr_par' dir='ltr' id='par_1_5' title="bbox 251 289 1916 614">
     <span class='ocr_line' id='line_1_5' title="bbox 260 289 1523 363; baseline 0 -11"><span class='ocrx_word' id='word_1_7' title='bbox 260 291 468 353; x_wconf 72' lang='lat' dir='ltr'><strong>&#39;cidere</strong></span> <span class='ocrx_word' id='word_1_8' title='bbox 491 290 652 352; x_wconf 84' lang='lat' dir='ltr'><strong>haud</strong></span> <span class='ocrx_word' id='word_1_9' title='bbox 700 289 1042 363; x_wconf 67' lang='lat' dir='ltr'><strong>immerit63</strong></span> <span class='ocrx_word' id='word_1_10' title='bbox 1079 311 1202 354; x_wconf 88' lang='lat' dir='ltr'><strong>non</strong></span> <span class='ocrx_word' id='word_1_11' title='bbox 1244 291 1433 354; x_wconf 85' lang='lat' dir='ltr'><strong>fuisse</strong></span> <span class='ocrx_word' id='word_1_12' title='bbox 1515 320 1523 327; x_wconf 95' lang='lat'><strong>·</strong></span> 
     </span>
     <span class='ocr_line' id='line_1_6' title="bbox 263 367 1592 464; baseline -0.001 -31"><span class='ocrx_word' id='word_1_13' title='bbox 263 373 361 433; x_wconf 86' lang='lat' dir='ltr'><strong>nis</strong></span> <span class='ocrx_word' id='word_1_14' title='bbox 382 371 638 432; x_wconf 88' lang='lat' dir='ltr'><strong>militum</strong></span> <span class='ocrx_word' id='word_1_15' title='bbox 658 372 856 432; x_wconf 89' lang='lat' dir='ltr'><strong>locum</strong></span> <span class='ocrx_word' id='word_1_16' title='bbox 883 371 994 432; x_wconf 90' lang='lat' dir='ltr'><strong>ulli</strong></span> <span class='ocrx_word' id='word_1_17' title='bbox 1017 367 1269 464; x_wconf 67' lang='lat' dir='ltr'><strong>pleBeio.</strong></span> <span class='ocrx_word' id='word_1_18' title='bbox 1350 375 1453 432; x_wconf 88' lang='lat' dir='ltr'><strong>An</strong></span> <span class='ocrx_word' id='word_1_19' title='bbox 1495 398 1514 425; x_wconf 82' lang='lat'><strong>·-</strong></span> <span class='ocrx_word' id='word_1_20' title='bbox 1552 426 1592 459; x_wconf 38' lang='lat' dir='ltr'><strong>X</strong></span> 
     </span>
     <span class='ocr_line' id='line_1_7' title="bbox 259 451 1796 533; baseline -0.005 -21"><span class='ocrx_word' id='word_1_21' title='bbox 259 451 534 512; x_wconf 78' lang='lat' dir='ltr'>tentione</span> <span class='ocrx_word' id='word_1_22' title='bbox 564 471 796 510; x_wconf 86' lang='lat' dir='ltr'><strong>summa</strong></span> <span class='ocrx_word' id='word_1_23' title='bbox 821 451 1109 532; x_wconf 74' lang='lat' dir='ltr'><strong>patricios</strong></span> <span class='ocrx_word' id='word_1_24' title='bbox 1151 451 1397 533; x_wconf 85' lang='lat' dir='ltr'><strong>explere</strong></span> <span class='ocrx_word' id='word_1_25' title='bbox 1446 451 1558 512; x_wconf 74' lang='lat' dir='ltr'><strong>solt</strong></span> <span class='ocrx_word' id='word_1_26' title='bbox 1597 460 1678 507; x_wconf 42' lang='lat' dir='ltr'><strong>&gt;s</strong></span> <span class='ocrx_word' id='word_1_27' title='bbox 1749 490 1758 507; x_wconf 93' lang='lat'><em>.</em></span> <span class='ocrx_word' id='word_1_28' title='bbox 1789 496 1796 504; x_wconf 87' lang='grc'>.</span> 
     </span>
     <span class='ocr_line' id='line_1_8' title="bbox 251 530 1916 614; baseline -0.003 -24"><span class='ocrx_word' id='word_1_29' title='bbox 251 533 436 614; x_wconf 72' lang='lat' dir='ltr'><strong>juges</strong></span> <span class='ocrx_word' id='word_1_30' title='bbox 477 531 554 592; x_wconf 87' lang='lat' dir='ltr'><strong>ad</strong></span> <span class='ocrx_word' id='word_1_31' title='bbox 575 530 824 610; x_wconf 88' lang='lat' dir='ltr'><strong>imperia</strong></span> <span class='ocrx_word' id='word_1_32' title='bbox 850 532 1180 592; x_wconf 87' lang='lat' dir='ltr'><strong>obtinenda</strong></span> <span class='ocrx_word' id='word_1_33' title='bbox 1199 532 1289 591; x_wconf 88' lang='lat' dir='ltr'><strong>ire</strong></span> <span class='ocrx_word' id='word_1_34' title='bbox 1315 552 1335 602; x_wconf 81' lang='lat'><em>3</em></span> <span class='ocrx_word' id='word_1_35' title='bbox 1376 536 1438 592; x_wconf 89' lang='lat' dir='ltr'><strong>et</strong></span> <span class='ocrx_word' id='word_1_36' title='bbox 1462 551 1540 591; x_wconf 89' lang='lat' dir='ltr'><strong>ne</strong></span> <span class='ocrx_word' id='word_1_37' title='bbox 1566 532 1629 590; x_wconf 85' lang='lat' dir='ltr'><strong>in</strong></span> <span class='ocrx_word' id='word_1_38' title='bbox 1653 537 1824 591; x_wconf 85' lang='lat' dir='ltr'><strong>tura</strong></span> <span class='ocrx_word' id='word_1_39' title='bbox 1862 560 1874 587; x_wconf 76' lang='grc' dir='ltr'>ι</span> <span class='ocrx_word' id='word_1_40' title='bbox 1906 556 1916 585; x_wconf 66' lang='grc' dir='ltr'>ι</span> 
     </span>
    </p>

    <p class='ocr_par' dir='ltr' id='par_1_6' title="bbox 247 611 2269 1330">
     <span class='ocr_line' id='line_1_9' title="bbox 260 611 2269 692; baseline 0.003 -20"><span class='ocrx_word' id='word_1_41' title='bbox 260 632 396 672; x_wconf 88' lang='lat' dir='ltr'><strong>rere</strong></span> <span class='ocrx_word' id='word_1_42' title='bbox 422 611 722 692; x_wconf 87' lang='lat' dir='ltr'><strong>plebeium</strong></span> <span class='ocrx_word' id='word_1_43' title='bbox 749 631 927 689; x_wconf 85' lang='lat' dir='ltr'><strong>quem</strong></span> <span class='ocrx_word' id='word_1_44' title='bbox 953 631 1180 690; x_wconf 78' lang='lat' dir='ltr'><strong>quam:</strong></span> <span class='ocrx_word' id='word_1_45' title='bbox 1248 611 1371 690; x_wconf 88' lang='lat' dir='ltr'><strong>qui,</strong></span> <span class='ocrx_word' id='word_1_46' title='bbox 1422 611 1474 670; x_wconf 88' lang='lat' dir='ltr'><strong>si</strong></span> <span class='ocrx_word' id='word_1_47' title='bbox 1522 611 1670 671; x_wconf 85' lang='lat' dir='ltr'><strong>nihil</strong></span> <span class='ocrx_word' id='word_1_48' title='bbox 1720 611 1907 682; x_wconf 85' lang='lat' dir='ltr'><strong>aliud,</strong></span> <span class='ocrx_word' id='word_1_49' title='bbox 1948 615 2269 678; x_wconf 81' lang='lat' dir='ltr'><strong>admoneat</strong></span> 
     </span>
     <span class='ocr_line' id='line_1_10' title="bbox 247 690 2269 775; baseline 0.003 -24"><span class='ocrx_word' id='word_1_50' title='bbox 247 693 525 773; x_wconf 70' lang='lat' dir='ltr'><strong>collegas</strong></span> <span class='ocrx_word' id='word_1_51' title='bbox 554 711 572 761; x_wconf 88' lang='lat'>;</span> <span class='ocrx_word' id='word_1_52' title='bbox 612 690 851 761; x_wconf 78' lang='lat' dir='ltr'><strong>liberoS,</strong></span> <span class='ocrx_word' id='word_1_53' title='bbox 879 701 940 751; x_wconf 87' lang='lat' dir='ltr'><strong>et</strong></span> <span class='ocrx_word' id='word_1_54' title='bbox 969 711 1132 753; x_wconf 75' lang='lat' dir='ltr'><strong>cives</strong></span> <span class='ocrx_word' id='word_1_55' title='bbox 1160 711 1385 761; x_wconf 87' lang='lat' dir='ltr'><strong>eorum,</strong></span> <span class='ocrx_word' id='word_1_56' title='bbox 1413 710 1532 750; x_wconf 88' lang='lat' dir='ltr'><strong>non</strong></span> <span class='ocrx_word' id='word_1_57' title='bbox 1562 711 1787 760; x_wconf 80' lang='lat' dir='ltr'><strong>servoS,</strong></span> <span class='ocrx_word' id='word_1_58' title='bbox 1813 692 2088 764; x_wconf 85' lang='lat' dir='ltr'><strong>militare,</strong></span> <span class='ocrx_word' id='word_1_59' title='bbox 2114 715 2269 775; x_wconf 69' lang='lat' dir='ltr'><strong>quos</strong></span> 
     </span>
     <span class='ocr_line' id='line_1_11' title="bbox 261 770 2267 854; baseline 0.003 -22"><span class='ocrx_word' id='word_1_60' title='bbox 261 771 456 832; x_wconf 84' lang='lat' dir='ltr'><strong>hieme</strong></span> <span class='ocrx_word' id='word_1_61' title='bbox 499 771 713 831; x_wconf 85' lang='lat' dir='ltr'><strong>saltem</strong></span> <span class='ocrx_word' id='word_1_62' title='bbox 740 770 803 830; x_wconf 91' lang='lat' dir='ltr'><strong>in</strong></span> <span class='ocrx_word' id='word_1_63' title='bbox 829 771 1037 831; x_wconf 85' lang='lat' dir='ltr'><strong>domos</strong></span> <span class='ocrx_word' id='word_1_64' title='bbox 1087 791 1156 830; x_wconf 86' lang='lat' dir='ltr'><strong>ac</strong></span> <span class='ocrx_word' id='word_1_65' title='bbox 1184 777 1349 831; x_wconf 88' lang='lat' dir='ltr'><strong>tecta</strong></span> <span class='ocrx_word' id='word_1_66' title='bbox 1374 770 1582 831; x_wconf 86' lang='lat' dir='ltr'>reduci</span> <span class='ocrx_word' id='word_1_67' title='bbox 1621 777 1891 852; x_wconf 81' lang='lat' dir='ltr'><strong>oporteat</strong></span> <span class='ocrx_word' id='word_1_68' title='bbox 1919 792 1935 829; x_wconf 74' lang='grc' dir='ltr'><strong>ε</strong></span> <span class='ocrx_word' id='word_1_69' title='bbox 1978 780 2040 833; x_wconf 92' lang='lat' dir='ltr'><strong>et</strong></span> <span class='ocrx_word' id='word_1_70' title='bbox 2066 775 2267 854; x_wconf 87' lang='lat' dir='ltr'><strong>aliquo</strong></span> 
     </span>
     <span class='ocr_line' id='line_1_12' title="bbox 257 849 2268 932; baseline 0.004 -22"><span class='ocrx_word' id='word_1_71' title='bbox 257 856 527 932; x_wconf 88' lang='lat' dir='ltr'><strong>tempore</strong></span> <span class='ocrx_word' id='word_1_72' title='bbox 554 849 698 910; x_wconf 86' lang='lat' dir='ltr'><strong>anni</strong></span> <span class='ocrx_word' id='word_1_73' title='bbox 725 857 1002 932; x_wconf 86' lang='lat' dir='ltr'><strong>parentes</strong></span> <span class='ocrx_word' id='word_1_74' title='bbox 1052 850 1390 930; x_wconf 91' lang='lat' dir='ltr'><strong>liberosque</strong></span> <span class='ocrx_word' id='word_1_75' title='bbox 1430 870 1500 912; x_wconf 87' lang='lat' dir='ltr'><strong>ac</strong></span> <span class='ocrx_word' id='word_1_76' title='bbox 1549 853 1835 932; x_wconf 85' lang='lat' dir='ltr'><strong>conjuges</strong></span> <span class='ocrx_word' id='word_1_77' title='bbox 1876 851 2154 924; x_wconf 86' lang='lat' dir='ltr'><strong>invisere,</strong></span> <span class='ocrx_word' id='word_1_78' title='bbox 2202 869 2268 918; x_wconf 89' lang='lat' dir='ltr'><strong>et</strong></span> 
     </span>
     <span class='ocr_line' id='line_1_13' title="bbox 260 929 2266 1014; baseline 0.003 -24"><span class='ocrx_word' id='word_1_79' title='bbox 260 951 410 991; x_wconf 88' lang='lat' dir='ltr'><strong>usur</strong></span> <span class='ocrx_word' id='word_1_80' title='bbox 453 951 552 991; x_wconf 89' lang='lat' dir='ltr'><strong>are</strong></span> <span class='ocrx_word' id='word_1_81' title='bbox 579 931 933 1000; x_wconf 85' lang='lat' dir='ltr'><strong>libertatem,</strong></span> <span class='ocrx_word' id='word_1_82' title='bbox 963 937 1024 990; x_wconf 88' lang='lat' dir='ltr'><strong>et</strong></span> <span class='ocrx_word' id='word_1_83' title='bbox 1051 951 1254 995; x_wconf 85' lang='lat' dir='ltr'><strong>creare</strong></span> <span class='ocrx_word' id='word_1_84' title='bbox 1270 929 1715 1011; x_wconf 85' lang='lat' dir='ltr'><strong>magistratus.”</strong></span> <span class='ocrx_word' id='word_1_85' title='bbox 1799 932 1957 991; x_wconf 84' lang='lat' dir='ltr'><strong>Haec</strong></span> <span class='ocrx_word' id='word_1_86' title='bbox 1998 934 2266 1014; x_wconf 81' lang='lat' dir='ltr'><strong>taliaque</strong></span> 
     </span>
     <span class='ocr_line' id='line_1_14' title="bbox 259 1008 2267 1096; baseline 0.003 -26"><span class='ocrx_word' id='word_1_87' title='bbox 259 1011 398 1071; x_wconf 80' lang='lat' dir='ltr'><strong>voci</strong></span> <span class='ocrx_word' id='word_1_88' title='bbox 421 1016 658 1070; x_wconf 86' lang='lat' dir='ltr'><strong>erantes</strong></span> <span class='ocrx_word' id='word_1_89' title='bbox 707 1010 1132 1085; x_wconf 10' lang='lat' dir='ltr'><strong>*adversarium</strong></span> <span class='ocrx_word' id='word_1_90' title='bbox 1199 1011 1360 1070; x_wconf 83' lang='lat' dir='ltr'><strong>haud</strong></span> <span class='ocrx_word' id='word_1_91' title='bbox 1407 1008 1693 1089; x_wconf 87' lang='lat' dir='ltr'><strong>imparem</strong></span> <span class='ocrx_word' id='word_1_92' title='bbox 1744 1011 1909 1071; x_wconf 84' lang='lat' dir='ltr'><strong>nacti</strong></span> <span class='ocrx_word' id='word_1_93' title='bbox 1962 1022 2105 1072; x_wconf 88' lang='lat' dir='ltr'><strong>sunt</strong></span> <span class='ocrx_word' id='word_1_94' title='bbox 2147 1018 2267 1096; x_wconf 88' lang='lat' dir='ltr'><strong>Ap.</strong></span> 
     </span>
     <span class='ocr_line' id='line_1_15' title="bbox 265 1089 2265 1172; baseline 0.004 -23"><span class='ocrx_word' id='word_1_95' title='bbox 265 1090 610 1172; x_wconf 84' lang='lat' dir='ltr'><strong>Claudium,</strong></span> <span class='ocrx_word' id='word_1_96' title='bbox 689 1091 966 1150; x_wconf 84' lang='lat' dir='ltr'><strong>relictum</strong></span> <span class='ocrx_word' id='word_1_97' title='bbox 1034 1091 1066 1150; x_wconf 67' lang='lat' dir='ltr'><strong>a</strong></span> <span class='ocrx_word' id='word_1_98' title='bbox 1113 1089 1357 1171; x_wconf 81' lang='lat' dir='ltr'><strong>collegis</strong></span> <span class='ocrx_word' id='word_1_99' title='bbox 1411 1089 1487 1148; x_wconf 89' lang='lat' dir='ltr'><strong>ad</strong></span> <span class='ocrx_word' id='word_1_100' title='bbox 1540 1089 1891 1152; x_wconf 78' lang='lat' dir='ltr'><strong>tribunicias</strong></span> <span class='ocrx_word' id='word_1_101' title='bbox 1940 1092 2265 1156; x_wconf 72' lang='lat' dir='ltr'><strong>seditiones</strong></span> 
     </span>
     <span class='ocr_line' id='line_1_16' title="bbox 259 1168 2263 1250; baseline 0.002 -20"><span class='ocrx_word' id='word_1_102' title='bbox 259 1169 776 1250; x_wconf 51' lang='lat' dir='ltr'><strong>comprimendam</strong></span> <span class='ocrx_word' id='word_1_103' title='bbox 816 1170 1007 1230; x_wconf 84' lang='lat' dir='ltr'><strong>virum</strong></span> <span class='ocrx_word' id='word_1_104' title='bbox 1055 1168 1347 1230; x_wconf 87' lang='lat' dir='ltr'><strong>imbutum</strong></span> <span class='ocrx_word' id='word_1_105' title='bbox 1379 1171 1509 1250; x_wconf 83' lang='lat' dir='ltr'><strong>jam</strong></span> <span class='ocrx_word' id='word_1_106' title='bbox 1536 1171 1609 1228; x_wconf 89' lang='lat' dir='ltr'><strong>ab</strong></span> <span class='ocrx_word' id='word_1_107' title='bbox 1641 1170 1895 1248; x_wconf 82' lang='lat' dir='ltr'><strong>juventa</strong></span> <span class='ocrx_word' id='word_1_108' title='bbox 1924 1174 2263 1235; x_wconf 87' lang='lat' dir='ltr'><strong>certamini-</strong></span> 
     </span>
     <span class='ocr_line' id='line_1_17' title="bbox 260 1247 2266 1330; baseline 0.002 -20"><span class='ocrx_word' id='word_1_109' title='bbox 260 1251 372 1310; x_wconf 88' lang='lat' dir='ltr'><strong>bus</strong></span> <span class='ocrx_word' id='word_1_110' title='bbox 399 1248 646 1330; x_wconf 90' lang='lat' dir='ltr'><strong>plebeiis</strong></span> <span class='ocrx_word' id='word_1_111' title='bbox 673 1269 690 1307; x_wconf 71' lang='lat' dir='ltr'><strong><em>z</em></strong></span> <span class='ocrx_word' id='word_1_112' title='bbox 736 1269 914 1328; x_wconf 87' lang='lat' dir='ltr'><strong>quem</strong></span> <span class='ocrx_word' id='word_1_113' title='bbox 943 1255 1249 1309; x_wconf 81' lang='lat' dir='ltr'><strong>auctorem</strong></span> <span class='ocrx_word' id='word_1_114' title='bbox 1274 1249 1503 1328; x_wconf 84' lang='lat' dir='ltr'><strong>aliquot</strong></span> <span class='ocrx_word' id='word_1_115' title='bbox 1544 1247 1717 1308; x_wconf 87' lang='lat' dir='ltr'><strong>annis</strong></span> <span class='ocrx_word' id='word_1_116' title='bbox 1760 1250 1901 1308; x_wconf 67' lang='lat' dir='ltr'><strong>ante</strong></span> <span class='ocrx_word' id='word_1_117' title='bbox 1930 1249 2112 1311; x_wconf 85' lang='lat' dir='ltr'><strong>fuisse</strong></span> <span class='ocrx_word' id='word_1_118' title='bbox 2138 1275 2266 1314; x_wconf 89' lang='lat' dir='ltr'><strong>me-</strong></span> 
     </span>
    </p>
   </div>
   <div class='ocr_carea' id='block_1_6' title="bbox 167 1327 2267 1413">
    <p class='ocr_par' dir='ltr' id='par_1_7' title="bbox 167 1327 2267 1413">
     <span class='ocr_line' id='line_1_18' title="bbox 167 1327 2267 1413; baseline 0.002 -25"><span class='ocrx_word' id='word_1_119' title='bbox 167 1383 174 1388; x_wconf 92' lang='lat'>.</span> <span class='ocrx_word' id='word_1_120' title='bbox 257 1333 556 1389; x_wconf 89' lang='lat' dir='ltr'><strong>moratum</strong></span> <span class='ocrx_word' id='word_1_121' title='bbox 585 1335 697 1397; x_wconf 89' lang='lat' dir='ltr'><strong>est,</strong></span> <span class='ocrx_word' id='word_1_122' title='bbox 735 1349 844 1408; x_wconf 88' lang='lat' dir='ltr'><strong>per</strong></span> <span class='ocrx_word' id='word_1_123' title='bbox 866 1329 1227 1410; x_wconf 82' lang='lat' dir='ltr'><strong>collegarum</strong></span> <span class='ocrx_word' id='word_1_124' title='bbox 1254 1328 1763 1397; x_wconf 83' lang='lat' dir='ltr'><strong>intercessionem,</strong></span> <span class='ocrx_word' id='word_1_125' title='bbox 1791 1327 2128 1392; x_wconf 80' lang='lat' dir='ltr'><strong>tribuniciae</strong></span> <span class='ocrx_word' id='word_1_126' title='bbox 2158 1354 2267 1413; x_wconf 88' lang='lat' dir='ltr'><strong>po·-</strong></span> 
     </span>
    </p>
   </div>
   <div class='ocr_carea' id='block_1_7' title="bbox 253 1407 2263 1646">
    <p class='ocr_par' dir='ltr' id='par_1_8' title="bbox 253 1407 2263 1646">
     <span class='ocr_line' id='line_1_19' title="bbox 253 1407 937 1468; baseline -0.001 0"><span class='ocrx_word' id='word_1_127' title='bbox 253 1407 490 1468; x_wconf 84' lang='lat' dir='ltr'><strong>testatis</strong></span> <span class='ocrx_word' id='word_1_128' title='bbox 517 1407 937 1468; x_wconf 71' lang='lat' dir='ltr'><strong>dissolvendae.</strong></span> 
     </span>
     <span class='ocr_line' id='line_1_20' title="bbox 341 1486 2263 1568; baseline 0.004 -22"><span class='ocrx_word' id='word_1_129' title='bbox 341 1488 461 1546; x_wconf 90' lang='lat' dir='ltr'>III.</span> <span class='ocrx_word' id='word_1_130' title='bbox 500 1489 564 1547; x_wconf 88' lang='lat' dir='ltr'><strong>Is</strong></span> <span class='ocrx_word' id='word_1_131' title='bbox 589 1495 720 1548; x_wconf 84' lang='lat' dir='ltr'><strong>tum</strong></span> <span class='ocrx_word' id='word_1_132' title='bbox 738 1490 886 1568; x_wconf 83' lang='lat' dir='ltr'><strong>jam,</strong></span> <span class='ocrx_word' id='word_1_133' title='bbox 935 1507 1055 1548; x_wconf 89' lang='lat' dir='ltr'><strong>non</strong></span> <span class='ocrx_word' id='word_1_134' title='bbox 1077 1493 1386 1568; x_wconf 88' lang='lat' dir='ltr'><strong>promptus</strong></span> <span class='ocrx_word' id='word_1_135' title='bbox 1426 1486 1664 1568; x_wconf 83' lang='lat' dir='ltr'><strong>ingenio</strong></span> <span class='ocrx_word' id='word_1_136' title='bbox 1707 1492 1960 1557; x_wconf 85' lang='lat' dir='ltr'><strong>tantum,</strong></span> <span class='ocrx_word' id='word_1_137' title='bbox 2016 1491 2121 1550; x_wconf 87' lang='lat' dir='ltr'><strong>sed</strong></span> <span class='ocrx_word' id='word_1_138' title='bbox 2149 1512 2263 1554; x_wconf 88' lang='lat' dir='ltr'><strong>usu</strong></span> 
     </span>
     <span class='ocr_line' id='line_1_21' title="bbox 256 1566 2263 1646; baseline 0.002 -18"><span class='ocrx_word' id='word_1_139' title='bbox 256 1567 442 1628; x_wconf 86' lang='lat' dir='ltr'><strong>etiam</strong></span> <span class='ocrx_word' id='word_1_140' title='bbox 464 1568 842 1635; x_wconf 81' lang='lat' dir='ltr'><strong>exercitatuS,</strong></span> <span class='ocrx_word' id='word_1_141' title='bbox 868 1568 1051 1626; x_wconf 88' lang='lat' dir='ltr'><strong>talem</strong></span> <span class='ocrx_word' id='word_1_142' title='bbox 1077 1567 1403 1627; x_wconf 87' lang='lat' dir='ltr'><strong>orationem</strong></span> <span class='ocrx_word' id='word_1_143' title='bbox 1428 1566 1634 1626; x_wconf 86' lang='lat' dir='ltr'><strong>habuit</strong></span> <span class='ocrx_word' id='word_1_144' title='bbox 1660 1588 1677 1624; x_wconf 72' lang='grc' dir='ltr'><strong>ε</strong></span> <span class='ocrx_word' id='word_1_145' title='bbox 1716 1579 1753 1604; x_wconf 87' lang='grc'><strong>“</strong></span> <span class='ocrx_word' id='word_1_146' title='bbox 1778 1567 1842 1626; x_wconf 85' lang='lat' dir='ltr'><strong>Si</strong></span> <span class='ocrx_word' id='word_1_147' title='bbox 1858 1587 2122 1646; x_wconf 86' lang='lat' dir='ltr'><strong>unquam</strong></span> <span class='ocrx_word' id='word_1_148' title='bbox 2150 1572 2263 1632; x_wconf 90' lang='lat' dir='ltr'><strong>du-</strong></span> 
     </span>
    </p>
   </div>
   <div class='ocr_carea' id='block_1_8' title="bbox 207 1646 2265 1726">
    <p class='ocr_par' dir='ltr' id='par_1_9' title="bbox 207 1646 2265 1726">
     <span class='ocr_line' id='line_1_22' title="bbox 207 1646 2265 1726; baseline 0.001 -18"><span class='ocrx_word' id='word_1_149' title='bbox 207 1681 209 1683; x_wconf 87' lang='grc'><em>·</em></span> <span class='ocrx_word' id='word_1_150' title='bbox 256 1646 514 1708; x_wconf 83' lang='lat' dir='ltr'><strong>bitatum</strong></span> <span class='ocrx_word' id='word_1_151' title='bbox 562 1653 673 1716; x_wconf 89' lang='lat' dir='ltr'><strong>est,</strong></span> <span class='ocrx_word' id='word_1_152' title='bbox 717 1646 1003 1720; x_wconf 76' lang='lat' dir='ltr'><strong>QuiriteS,</strong></span> <span class='ocrx_word' id='word_1_153' title='bbox 1045 1653 1249 1706; x_wconf 90' lang='lat' dir='ltr'><strong>utrum</strong></span> <span class='ocrx_word' id='word_1_154' title='bbox 1297 1647 1521 1706; x_wconf 87' lang='lat' dir='ltr'><strong>tribuni</strong></span> <span class='ocrx_word' id='word_1_155' title='bbox 1547 1646 1738 1726; x_wconf 89' lang='lat' dir='ltr'><strong>plebis</strong></span> <span class='ocrx_word' id='word_1_156' title='bbox 1765 1653 1988 1716; x_wconf 66' lang='lat' dir='ltr'><strong>vestra,</strong></span> <span class='ocrx_word' id='word_1_157' title='bbox 2028 1669 2106 1709; x_wconf 90' lang='lat' dir='ltr'><strong>an</strong></span> <span class='ocrx_word' id='word_1_158' title='bbox 2134 1657 2265 1722; x_wconf 66' lang='lat' dir='ltr'><strong>sua,</strong></span> 
     </span>
    </p>
   </div>
   <div class='ocr_carea' id='block_1_9' title="bbox 253 1725 2288 2768">
    <p class='ocr_par' dir='ltr' id='par_1_10' title="bbox 253 1725 2288 2768">
     <span class='ocr_line' id='line_1_23' title="bbox 253 1725 2263 1808; baseline 0.002 -21"><span class='ocrx_word' id='word_1_159' title='bbox 253 1735 440 1787; x_wconf 66' lang='lat' dir='ltr'><strong>causa</strong></span> <span class='ocrx_word' id='word_1_160' title='bbox 469 1727 828 1787; x_wconf 83' lang='lat' dir='ltr'><strong>seditionum</strong></span> <span class='ocrx_word' id='word_1_161' title='bbox 874 1746 1108 1806; x_wconf 87' lang='lat' dir='ltr'><strong>semper</strong></span> <span class='ocrx_word' id='word_1_162' title='bbox 1134 1731 1410 1786; x_wconf 84' lang='lat' dir='ltr'><strong>auctores·</strong></span> <span class='ocrx_word' id='word_1_163' title='bbox 1437 1725 1679 1795; x_wconf 85' lang='lat' dir='ltr'><strong>fuerint,</strong></span> <span class='ocrx_word' id='word_1_164' title='bbox 1726 1725 1790 1784; x_wconf 90' lang='lat' dir='ltr'><strong>id</strong></span> <span class='ocrx_word' id='word_1_165' title='bbox 1832 1745 1941 1808; x_wconf 86' lang='lat' dir='ltr'><strong>ego</strong></span> <span class='ocrx_word' id='word_1_166' title='bbox 1967 1727 2076 1788; x_wconf 90' lang='lat' dir='ltr'><strong>hoc</strong></span> <span class='ocrx_word' id='word_1_167' title='bbox 2105 1751 2263 1792; x_wconf 89' lang='lat' dir='ltr'><strong>anno</strong></span> 
     </span>
     <span class='ocr_line' id='line_1_24' title="bbox 257 1805 2263 1885; baseline 0.001 -17"><span class='ocrx_word' id='word_1_168' title='bbox 257 1807 488 1868; x_wconf 86' lang='lat' dir='ltr'><strong>desisse</strong></span> <span class='ocrx_word' id='word_1_169' title='bbox 542 1806 806 1868; x_wconf 75' lang='lat' dir='ltr'><strong>dubitari</strong></span> <span class='ocrx_word' id='word_1_170' title='bbox 859 1812 1091 1866; x_wconf 87' lang='lat' dir='ltr'><strong>certum</strong></span> <span class='ocrx_word' id='word_1_171' title='bbox 1142 1806 1331 1866; x_wconf 89' lang='lat' dir='ltr'><strong>habeo</strong></span> <span class='ocrx_word' id='word_1_172' title='bbox 1357 1825 1378 1876; x_wconf 84' lang='lat'>3</span> <span class='ocrx_word' id='word_1_173' title='bbox 1436 1810 1498 1865; x_wconf 92' lang='lat' dir='ltr'><strong>et</strong></span> <span class='ocrx_word' id='word_1_174' title='bbox 1548 1825 1737 1885; x_wconf 90' lang='lat' dir='ltr'><strong>quum</strong></span> <span class='ocrx_word' id='word_1_175' title='bbox 1783 1805 1975 1875; x_wconf 86' lang='lat' dir='ltr'><strong>laetor,</strong></span> <span class='ocrx_word' id='word_1_176' title='bbox 2017 1810 2263 1870; x_wconf 84' lang='lat' dir='ltr'><strong>tandem</strong></span> 
     </span>
     <span class='ocr_line' id='line_1_25' title="bbox 255 1885 2262 1979; baseline 0.001 -32"><span class='ocrx_word' id='word_1_177' title='bbox 255 1886 421 1979; x_wconf 75' lang='lat' dir='ltr'><strong>longi</strong></span> <span class='ocrx_word' id='word_1_178' title='bbox 448 1886 662 1947; x_wconf 81' lang='lat' dir='ltr'><strong>erroris</strong></span> <span class='ocrx_word' id='word_1_179' title='bbox 709 1885 876 1946; x_wconf 85' lang='lat' dir='ltr'><strong>vobis</strong></span> <span class='ocrx_word' id='word_1_180' title='bbox 901 1886 1083 1946; x_wconf 87' lang='lat' dir='ltr'><strong>finem</strong></span> <span class='ocrx_word' id='word_1_181' title='bbox 1123 1885 1351 1946; x_wconf 87' lang='lat' dir='ltr'><strong>factum</strong></span> <span class='ocrx_word' id='word_1_182' title='bbox 1380 1905 1530 1955; x_wconf 86' lang='lat' dir='ltr'><strong>esse,</strong></span> <span class='ocrx_word' id='word_1_183' title='bbox 1576 1892 1725 1954; x_wconf 90' lang='lat' dir='ltr'><strong>tum,</strong></span> <span class='ocrx_word' id='word_1_184' title='bbox 1773 1886 1934 1964; x_wconf 72' lang='lat' dir='ltr'><strong>quod</strong></span> <span class='ocrx_word' id='word_1_185' title='bbox 1978 1890 2262 1950; x_wconf 70' lang='lat' dir='ltr'><strong>secundis</strong></span> 
     </span>
     <span class='ocr_line' id='line_1_26' title="bbox 254 1961 2264 2048; baseline 0.002 -23"><span class='ocrx_word' id='word_1_186' title='bbox 254 1966 628 2048; x_wconf 73' lang='lat' dir='ltr'><strong>potissimum</strong></span> <span class='ocrx_word' id='word_1_187' title='bbox 674 1965 890 2026; x_wconf 85' lang='lat' dir='ltr'><strong>vestris</strong></span> <span class='ocrx_word' id='word_1_188' title='bbox 916 1968 1092 2026; x_wconf 86' lang='lat' dir='ltr'><strong>rebus</strong></span> <span class='ocrx_word' id='word_1_189' title='bbox 1117 1964 1216 2024; x_wconf 86' lang='lat' dir='ltr'><strong>hic</strong></span> <span class='ocrx_word' id='word_1_190' title='bbox 1240 1961 1404 2025; x_wconf 78' lang='lat' dir='ltr'><strong>e&#39;rror</strong></span> <span class='ocrx_word' id='word_1_191' title='bbox 1428 1972 1523 2024; x_wconf 88' lang='lat' dir='ltr'><strong>est</strong></span> <span class='ocrx_word' id='word_1_192' title='bbox 1547 1964 1836 2035; x_wconf 75' lang='lat' dir='ltr'><strong>sublatu5‚</strong></span> <span class='ocrx_word' id='word_1_193' title='bbox 1884 1972 1945 2026; x_wconf 86' lang='lat' dir='ltr'><strong>et</strong></span> <span class='ocrx_word' id='word_1_194' title='bbox 1971 1969 2156 2038; x_wconf 79' lang='lat' dir='ltr'><strong>vobiS,</strong></span> <span class='ocrx_word' id='word_1_195' title='bbox 2200 1975 2264 2030; x_wconf 76' lang='lat' dir='ltr'><strong>et</strong></span> 
     </span>
     <span class='ocr_line' id='line_1_27' title="bbox 253 2045 2288 2128; baseline 0.001 -24"><span class='ocrx_word' id='word_1_196' title='bbox 253 2052 499 2128; x_wconf 83' lang='lat' dir='ltr'><strong>propter</strong></span> <span class='ocrx_word' id='word_1_197' title='bbox 525 2066 630 2106; x_wconf 86' lang='lat' dir='ltr'><strong>vos</strong></span> <span class='ocrx_word' id='word_1_198' title='bbox 656 2045 994 2126; x_wconf 74' lang='lat' dir='ltr'><strong>reipublicae</strong></span> <span class='ocrx_word' id='word_1_199' title='bbox 1023 2045 1307 2126; x_wconf 80' lang='lat' dir='ltr'><strong>gratulor.</strong></span> <span class='ocrx_word' id='word_1_200' title='bbox 1390 2047 1491 2104; x_wconf 85' lang='lat' dir='ltr'><strong>An</strong></span> <span class='ocrx_word' id='word_1_201' title='bbox 1514 2050 1609 2104; x_wconf 87' lang='lat' dir='ltr'><strong>est</strong></span> <span class='ocrx_word' id='word_1_202' title='bbox 1633 2045 1967 2124; x_wconf 84' lang='lat' dir='ltr'><strong>quisquam,</strong></span> <span class='ocrx_word' id='word_1_203' title='bbox 2016 2047 2121 2124; x_wconf 88' lang='lat' dir='ltr'><strong>qui</strong></span> <span class='ocrx_word' id='word_1_204' title='bbox 2148 2049 2288 2112; x_wconf 71' lang='lat' dir='ltr'><strong>du-,</strong></span> 
     </span>
     <span class='ocr_line' id='line_1_28' title="bbox 255 2123 2263 2206; baseline 0.001 -20"><span class='ocrx_word' id='word_1_205' title='bbox 255 2126 425 2194; x_wconf 85' lang='lat' dir='ltr'><strong>bitet,</strong></span> <span class='ocrx_word' id='word_1_206' title='bbox 453 2126 637 2185; x_wconf 87' lang='lat' dir='ltr'><strong>nullis</strong></span> <span class='ocrx_word' id='word_1_207' title='bbox 665 2124 898 2206; x_wconf 86' lang='lat' dir='ltr'><strong>injuriis</strong></span> <span class='ocrx_word' id='word_1_208' title='bbox 932 2123 1169 2193; x_wconf 79' lang='lat' dir='ltr'><strong>vestriS,</strong></span> <span class='ocrx_word' id='word_1_209' title='bbox 1212 2123 1265 2182; x_wconf 90' lang='lat' dir='ltr'><strong>si</strong></span> <span class='ocrx_word' id='word_1_210' title='bbox 1290 2143 1427 2202; x_wconf 85' lang='lat' dir='ltr'><strong>quae</strong></span> <span class='ocrx_word' id='word_1_211' title='bbox 1446 2123 1605 2184; x_wconf 68' lang='lat' dir='ltr'><strong>forte</strong></span> <span class='ocrx_word' id='word_1_212' title='bbox 1649 2123 1972 2203; x_wconf 87' lang='lat' dir='ltr'><strong>aliquando</strong></span> <span class='ocrx_word' id='word_1_213' title='bbox 2000 2125 2263 2197; x_wconf 84' lang='lat' dir='ltr'><strong>fuerunt,</strong></span> 
     </span>
     <span class='ocr_line' id='line_1_29' title="bbox 253 2202 2261 2284; baseline 0.001 -19"><span class='ocrx_word' id='word_1_214' title='bbox 253 2225 518 2284; x_wconf 87' lang='lat' dir='ltr'><strong>unquam</strong></span> <span class='ocrx_word' id='word_1_215' title='bbox 547 2206 738 2284; x_wconf 74' lang='lat' dir='ltr'><strong>oeque,</strong></span> <span class='ocrx_word' id='word_1_216' title='bbox 765 2205 945 2284; x_wconf 63' lang='lat' dir='ltr'><strong>quam</strong></span> <span class='ocrx_word' id='word_1_217' title='bbox 972 2223 1219 2264; x_wconf 84' lang='lat' dir='ltr'><strong>munere</strong></span> <span class='ocrx_word' id='word_1_218' title='bbox 1242 2205 1488 2264; x_wconf 86' lang='lat' dir='ltr'><strong>Patrum</strong></span> <span class='ocrx_word' id='word_1_219' title='bbox 1514 2202 1579 2262; x_wconf 89' lang='lat' dir='ltr'><strong>in</strong></span> <span class='ocrx_word' id='word_1_220' title='bbox 1619 2203 1873 2283; x_wconf 87' lang='lat' dir='ltr'><strong>plebem,</strong></span> <span class='ocrx_word' id='word_1_221' title='bbox 1923 2223 2107 2282; x_wconf 87' lang='lat' dir='ltr'><strong>quum</strong></span> <span class='ocrx_word' id='word_1_222' title='bbox 2138 2228 2261 2268; x_wconf 81' lang='lat' dir='ltr'><strong>aera</strong></span> 
     </span>
     <span class='ocr_line' id='line_1_30' title="bbox 255 2281 2263 2363; baseline 0 -17"><span class='ocrx_word' id='word_1_223' title='bbox 255 2285 652 2346; x_wconf 83' lang='lat' dir='ltr'><strong>militantibus</strong></span> <span class='ocrx_word' id='word_1_224' title='bbox 683 2283 1010 2344; x_wconf 86' lang='lat' dir='ltr'><strong>constituta</strong></span> <span class='ocrx_word' id='word_1_225' title='bbox 1038 2290 1196 2351; x_wconf 89' lang='lat' dir='ltr'><strong>sunt,</strong></span> <span class='ocrx_word' id='word_1_226' title='bbox 1228 2283 1492 2342; x_wconf 87' lang='lat' dir='ltr'><strong>tribunos</strong></span> <span class='ocrx_word' id='word_1_227' title='bbox 1518 2281 1707 2363; x_wconf 89' lang='lat' dir='ltr'><strong>plebis</strong></span> <span class='ocrx_word' id='word_1_228' title='bbox 1737 2281 1990 2343; x_wconf 84' lang='lat' dir='ltr'><strong>offensos</strong></span> <span class='ocrx_word' id='word_1_229' title='bbox 2018 2305 2103 2344; x_wconf 75' lang='lat' dir='ltr'><strong>ac..</strong></span> <span class='ocrx_word' id='word_1_230' title='bbox 2120 2307 2263 2346; x_wconf 88' lang='lat' dir='ltr'><strong>con-</strong></span> 
     </span>
     <span class='ocr_line' id='line_1_31' title="bbox 254 2361 2261 2444; baseline 0.001 -18"><span class='ocrx_word' id='word_1_231' title='bbox 254 2364 472 2426; x_wconf 83' lang='lat' dir='ltr'><strong>citatos</strong></span> <span class='ocrx_word' id='word_1_232' title='bbox 501 2363 680 2425; x_wconf 80' lang='lat' dir='ltr'><strong>esse?</strong></span> <span class='ocrx_word' id='word_1_233' title='bbox 721 2363 866 2444; x_wconf 90' lang='lat' dir='ltr'><strong>quid</strong></span> <span class='ocrx_word' id='word_1_234' title='bbox 893 2364 1030 2424; x_wconf 90' lang='lat' dir='ltr'><strong>illos</strong></span> <span class='ocrx_word' id='word_1_235' title='bbox 1058 2363 1223 2423; x_wconf 87' lang='lat' dir='ltr'><strong>aliud</strong></span> <span class='ocrx_word' id='word_1_236' title='bbox 1250 2369 1356 2422; x_wconf 88' lang='lat' dir='ltr'><strong>aut</strong></span> <span class='ocrx_word' id='word_1_237' title='bbox 1384 2370 1511 2422; x_wconf 88' lang='lat' dir='ltr'><strong>tum</strong></span> <span class='ocrx_word' id='word_1_238' title='bbox 1536 2361 1812 2422; x_wconf 85' lang='lat' dir='ltr'><strong>timuisse</strong></span> <span class='ocrx_word' id='word_1_239' title='bbox 1840 2363 2107 2434; x_wconf 77' lang='lat' dir='ltr'><strong>creditiS,</strong></span> <span class='ocrx_word' id='word_1_240' title='bbox 2154 2373 2261 2428; x_wconf 82' lang='lat' dir='ltr'><strong>aut</strong></span> 
     </span>
     <span class='ocr_line' id='line_1_32' title="bbox 255 2441 2260 2520; baseline 0.001 -16"><span class='ocrx_word' id='word_1_241' title='bbox 255 2445 435 2504; x_wconf 83' lang='lat' dir='ltr'><strong>hodie</strong></span> <span class='ocrx_word' id='word_1_242' title='bbox 472 2447 713 2504; x_wconf 86' lang='lat' dir='ltr'><strong>turbare</strong></span> <span class='ocrx_word' id='word_1_243' title='bbox 751 2443 927 2511; x_wconf 88' lang='lat' dir='ltr'><strong>velle,</strong></span> <span class='ocrx_word' id='word_1_244' title='bbox 969 2443 1086 2502; x_wconf 85' lang='lat' dir='ltr'><strong>nisi</strong></span> <span class='ocrx_word' id='word_1_245' title='bbox 1109 2442 1489 2502; x_wconf 83' lang='lat' dir='ltr'><strong>concordiam</strong></span> <span class='ocrx_word' id='word_1_246' title='bbox 1518 2441 1811 2511; x_wconf 83' lang='lat' dir='ltr'><strong>ordinum,</strong></span> <span class='ocrx_word' id='word_1_247' title='bbox 1838 2462 2017 2520; x_wconf 88' lang='lat' dir='ltr'><strong>quam</strong></span> <span class='ocrx_word' id='word_1_248' title='bbox 2043 2444 2260 2506; x_wconf 86' lang='lat' dir='ltr'><strong>dissol-</strong></span> 
     </span>
     <span class='ocr_line' id='line_1_33' title="bbox 254 2521 2263 2602; baseline 0 -17"><span class='ocrx_word' id='word_1_249' title='bbox 254 2545 332 2585; x_wconf 86' lang='lat' dir='ltr'><strong>ve</strong></span> <span class='ocrx_word' id='word_1_250' title='bbox 377 2525 474 2584; x_wconf 87' lang='lat' dir='ltr'><strong>dae</strong></span> <span class='ocrx_word' id='word_1_251' title='bbox 506 2523 760 2602; x_wconf 71' lang='lat' dir='ltr'><strong>maxime</strong></span> <span class='ocrx_word' id='word_1_252' title='bbox 785 2522 1120 2583; x_wconf 87' lang='lat' dir='ltr'><strong>tribuniciae</strong></span> <span class='ocrx_word' id='word_1_253' title='bbox 1150 2521 1464 2602; x_wconf 87' lang='lat' dir='ltr'><strong>potestatis</strong></span> <span class='ocrx_word' id='word_1_254' title='bbox 1492 2527 1701 2581; x_wconf 89' lang='lat' dir='ltr'><strong>rentur</strong></span> <span class='ocrx_word' id='word_1_255' title='bbox 1726 2523 1903 2580; x_wconf 85' lang='lat' dir='ltr'><strong>esse?</strong></span> <span class='ocrx_word' id='word_1_256' title='bbox 1986 2523 2105 2595; x_wconf 81' lang='lat' dir='ltr'><strong>Sic,</strong></span> <span class='ocrx_word' id='word_1_257' title='bbox 2126 2526 2263 2586; x_wconf 89' lang='lat' dir='ltr'><strong>her-</strong></span> 
     </span>
     <span class='ocr_line' id='line_1_34' title="bbox 257 2545 2259 2682; baseline 0.001 -18"><span class='ocrx_word' id='word_1_258' title='bbox 257 2545 413 2673; x_wconf 54' lang='lat' dir='ltr'><strong>cupe,</strong></span> <span class='ocrx_word' id='word_1_259' title='bbox 441 2609 728 2682; x_wconf 82' lang='lat' dir='ltr'><strong>tanquam</strong></span> <span class='ocrx_word' id='word_1_260' title='bbox 756 2601 1018 2662; x_wconf 85' lang='lat' dir='ltr'><strong>artifices</strong></span> <span class='ocrx_word' id='word_1_261' title='bbox 1045 2601 1313 2682; x_wconf 88' lang='lat' dir='ltr'><strong>improbi,</strong></span> <span class='ocrx_word' id='word_1_262' title='bbox 1356 2621 1503 2682; x_wconf 83' lang='lat' dir='ltr'><strong>opus</strong></span> <span class='ocrx_word' id='word_1_263' title='bbox 1531 2607 1815 2680; x_wconf 89' lang='lat' dir='ltr'><strong>quaerunt</strong></span> <span class='ocrx_word' id='word_1_264' title='bbox 1841 2623 1857 2660; x_wconf 72' lang='grc' dir='ltr'><strong>ε</strong></span> <span class='ocrx_word' id='word_1_265' title='bbox 1892 2603 2081 2682; x_wconf 89' lang='lat' dir='ltr'><strong>quiet</strong></span> <span class='ocrx_word' id='word_1_266' title='bbox 2102 2626 2259 2666; x_wconf 87' lang='lat' dir='ltr'><strong>sem-</strong></span> 
     </span>
     <span class='ocr_line' id='line_1_35' title="bbox 253 2681 2260 2768; baseline 0.001 -23"><span class='ocrx_word' id='word_1_267' title='bbox 253 2705 363 2766; x_wconf 89' lang='lat' dir='ltr'><strong>per</strong></span> <span class='ocrx_word' id='word_1_268' title='bbox 393 2683 534 2766; x_wconf 84' lang='lat' dir='ltr'><strong>aegri</strong></span> <span class='ocrx_word' id='word_1_269' title='bbox 562 2682 790 2763; x_wconf 88' lang='lat' dir='ltr'><strong>aliquid</strong></span> <span class='ocrx_word' id='word_1_270' title='bbox 818 2702 950 2743; x_wconf 87' lang='lat' dir='ltr'><strong>esse</strong></span> <span class='ocrx_word' id='word_1_271' title='bbox 976 2681 1040 2741; x_wconf 89' lang='lat' dir='ltr'><strong>in</strong></span> <span class='ocrx_word' id='word_1_272' title='bbox 1081 2681 1388 2762; x_wconf 83' lang='lat' dir='ltr'><strong>republica</strong></span> <span class='ocrx_word' id='word_1_273' title='bbox 1413 2682 1643 2751; x_wconf 84' lang='lat' dir='ltr'><strong>volunt,</strong></span> <span class='ocrx_word' id='word_1_274' title='bbox 1699 2687 1767 2740; x_wconf 92' lang='lat' dir='ltr'><strong>ut</strong></span> <span class='ocrx_word' id='word_1_275' title='bbox 1814 2681 1912 2753; x_wconf 90' lang='lat' dir='ltr'><strong>sit,</strong></span> <span class='ocrx_word' id='word_1_276' title='bbox 1960 2684 2039 2744; x_wconf 90' lang='lat' dir='ltr'><strong>ad</strong></span> <span class='ocrx_word' id='word_1_277' title='bbox 2088 2688 2260 2768; x_wconf 80' lang='lat' dir='ltr'><strong>cujus</strong></span> 
     </span>
    </p>
   </div>
   <div class='ocr_carea' id='block_1_10' title="bbox 213 2761 2258 2838">
    <p class='ocr_par' dir='ltr' id='par_1_11' title="bbox 213 2761 2258 2838">
     <span class='ocr_line' id='line_1_36' title="bbox 213 2761 2258 2838; baseline 0.001 -14"><span class='ocrx_word' id='word_1_278' title='bbox 213 2831 220 2838; x_wconf 51' lang='lat'>‚</span> <span class='ocrx_word' id='word_1_279' title='bbox 252 2764 622 2824; x_wconf 85' lang='lat' dir='ltr'><strong>curationem</strong></span> <span class='ocrx_word' id='word_1_280' title='bbox 678 2763 712 2822; x_wconf 69' lang='lat' dir='ltr'><strong>a</strong></span> <span class='ocrx_word' id='word_1_281' title='bbox 751 2762 918 2823; x_wconf 84' lang='lat' dir='ltr'><strong>vobis</strong></span> <span class='ocrx_word' id='word_1_282' title='bbox 971 2761 1383 2822; x_wconf 82' lang='lat' dir='ltr'><strong>adhibeantur.</strong></span> <span class='ocrx_word' id='word_1_283' title='bbox 1464 2762 1684 2820; x_wconf 89' lang='lat' dir='ltr'><strong>Utrum</strong></span> <span class='ocrx_word' id='word_1_284' title='bbox 1726 2761 1885 2820; x_wconf 90' lang='lat' dir='ltr'><strong>enim</strong></span> <span class='ocrx_word' id='word_1_285' title='bbox 1912 2762 2258 2838; x_wconf 80' lang='lat' dir='ltr'><strong>defenditiS,</strong></span> 
     </span>
    </p>
   </div>
   <div class='ocr_carea' id='block_1_11' title="bbox 252 2840 2257 3162">
    <p class='ocr_par' dir='ltr' id='par_1_12' title="bbox 252 2840 2257 3162">
     <span class='ocr_line' id='line_1_37' title="bbox 255 2840 2257 2926; baseline 0 -21"><span class='ocrx_word' id='word_1_286' title='bbox 255 2865 335 2905; x_wconf 81' lang='lat' dir='ltr'><strong>an</strong></span> <span class='ocrx_word' id='word_1_287' title='bbox 361 2843 724 2926; x_wconf 82' lang='lat' dir='ltr'><strong>impugnatis</strong></span> <span class='ocrx_word' id='word_1_288' title='bbox 761 2842 992 2922; x_wconf 88' lang='lat' dir='ltr'><strong>plebem</strong></span> <span class='ocrx_word' id='word_1_289' title='bbox 1018 2841 1043 2899; x_wconf 72' lang='grc' dir='ltr'>Ρ</span> <span class='ocrx_word' id='word_1_290' title='bbox 1083 2848 1285 2901; x_wconf 88' lang='lat' dir='ltr'><strong>utrum</strong></span> <span class='ocrx_word' id='word_1_291' title='bbox 1323 2840 1711 2900; x_wconf 82' lang='lat' dir='ltr'><strong>militantium</strong></span> <span class='ocrx_word' id='word_1_292' title='bbox 1740 2841 2064 2902; x_wconf 84' lang='lat' dir='ltr'><strong>adversarii</strong></span> <span class='ocrx_word' id='word_1_293' title='bbox 2092 2847 2257 2916; x_wconf 75' lang='lat' dir='ltr'><strong>estiS,</strong></span> 
     </span>
     <span class='ocr_line' id='line_1_38' title="bbox 256 2919 2257 3014; baseline 0.001 -30"><span class='ocrx_word' id='word_1_294' title='bbox 256 2945 336 2984; x_wconf 81' lang='lat' dir='ltr'><strong>an</strong></span> <span class='ocrx_word' id='word_1_295' title='bbox 363 2944 602 2984; x_wconf 88' lang='lat' dir='ltr'><strong>causam</strong></span> <span class='ocrx_word' id='word_1_296' title='bbox 631 2921 805 3014; x_wconf 77' lang='lat' dir='ltr'><strong>agitis</strong></span> <span class='ocrx_word' id='word_1_297' title='bbox 833 2923 858 2978; x_wconf 77' lang='lat' dir='ltr'>P</span> <span class='ocrx_word' id='word_1_298' title='bbox 925 2920 1044 3000; x_wconf 80' lang='lat' dir='ltr'><strong>nisi</strong></span> <span class='ocrx_word' id='word_1_299' title='bbox 1070 2921 1222 2980; x_wconf 69' lang='lat' dir='ltr'><strong>forte</strong></span> <span class='ocrx_word' id='word_1_300' title='bbox 1248 2920 1359 2979; x_wconf 89' lang='lat' dir='ltr'><strong>hoc</strong></span> <span class='ocrx_word' id='word_1_301' title='bbox 1388 2919 1607 2989; x_wconf 84' lang='lat' dir='ltr'><strong>dicitis,</strong></span> <span class='ocrx_word' id='word_1_302' title='bbox 1648 2931 1685 2956; x_wconf 91' lang='lat'><strong>“</strong></span> <span class='ocrx_word' id='word_1_303' title='bbox 1714 2919 2014 3000; x_wconf 84' lang='lat' dir='ltr'><strong>Quicquid</strong></span> <span class='ocrx_word' id='word_1_304' title='bbox 2044 2925 2257 2986; x_wconf 80' lang='lat' dir='ltr'><strong>Patres</strong></span> 
     </span>
     <span class='ocr_line' id='line_1_39' title="bbox 252 2998 2257 3082; baseline -0 -18"><span class='ocrx_word' id='word_1_305' title='bbox 252 3003 505 3072; x_wconf 86' lang='lat' dir='ltr'><strong>faciunt,</strong></span> <span class='ocrx_word' id='word_1_306' title='bbox 527 3003 807 3082; x_wconf 89' lang='lat' dir='ltr'><strong>disphcet</strong></span> <span class='ocrx_word' id='word_1_307' title='bbox 835 3001 898 3071; x_wconf 88' lang='lat'><strong>;”</strong></span> <span class='ocrx_word' id='word_1_308' title='bbox 941 3000 1067 3060; x_wconf 85' lang='lat' dir='ltr'><strong>sive</strong></span> <span class='ocrx_word' id='word_1_309' title='bbox 1101 2999 1256 3059; x_wconf 90' lang='lat' dir='ltr'><strong>illud</strong></span> <span class='ocrx_word' id='word_1_310' title='bbox 1284 3019 1390 3079; x_wconf 88' lang='lat' dir='ltr'><strong>pro</strong></span> <span class='ocrx_word' id='word_1_311' title='bbox 1416 2999 1608 3077; x_wconf 90' lang='lat' dir='ltr'><strong>plebe,</strong></span> <span class='ocrx_word' id='word_1_312' title='bbox 1636 2998 1763 3060; x_wconf 84' lang='lat' dir='ltr'><strong>sive</strong></span> <span class='ocrx_word' id='word_1_313' title='bbox 1791 3007 1996 3061; x_wconf 85' lang='lat' dir='ltr'><strong>contra</strong></span> <span class='ocrx_word' id='word_1_314' title='bbox 2022 3001 2257 3081; x_wconf 85' lang='lat' dir='ltr'><strong>plebem</strong></span> 
     </span>
     <span class='ocr_line' id='line_1_40' title="bbox 255 3078 2255 3162; baseline -0.001 -18"><span class='ocrx_word' id='word_1_315' title='bbox 255 3090 369 3144; x_wconf 85' lang='lat' dir='ltr'><strong>est.</strong></span> <span class='ocrx_word' id='word_1_316' title='bbox 416 3082 426 3093; x_wconf 75' lang='lat'><strong><em>‘</em></strong></span> <span class='ocrx_word' id='word_1_317' title='bbox 449 3084 548 3153; x_wconf 84' lang='lat' dir='ltr'><strong>Et,</strong></span> <span class='ocrx_word' id='word_1_318' title='bbox 577 3079 1077 3162; x_wconf 87' lang='lat' dir='ltr'><strong>quemadmodum</strong></span> <span class='ocrx_word' id='word_1_319' title='bbox 1104 3079 1291 3140; x_wconf 82' lang='lat' dir='ltr'><strong>servis</strong></span> <span class='ocrx_word' id='word_1_320' title='bbox 1315 3078 1438 3138; x_wconf 89' lang='lat' dir='ltr'><strong>suis</strong></span> <span class='ocrx_word' id='word_1_321' title='bbox 1460 3085 1669 3139; x_wconf 84' lang='lat' dir='ltr'><strong>vetant</strong></span> <span class='ocrx_word' id='word_1_322' title='bbox 1690 3079 1913 3139; x_wconf 89' lang='lat' dir='ltr'><strong>domini</strong></span> <span class='ocrx_word' id='word_1_323' title='bbox 1931 3080 2255 3159; x_wconf 77' lang='lat' dir='ltr'><strong>quicquam</strong></span> 
     </span>
    </p>
   </div>
   <div class='ocr_carea' id='block_1_12' title="bbox 193 3158 2258 3253">
    <p class='ocr_par' dir='ltr' id='par_1_13' title="bbox 193 3158 2258 3253">
     <span class='ocr_line' id='line_1_41' title="bbox 193 3158 2258 3253; baseline 0.001 -31"><span class='ocrx_word' id='word_1_324' title='bbox 193 3187 205 3200; x_wconf 91' lang='lat'><em>·</em></span> <span class='ocrx_word' id='word_1_325' title='bbox 252 3163 345 3224; x_wconf 88' lang='lat' dir='ltr'><strong>rei</strong></span> <span class='ocrx_word' id='word_1_326' title='bbox 373 3184 510 3226; x_wconf 89' lang='lat' dir='ltr'><strong>cum</strong></span> <span class='ocrx_word' id='word_1_327' title='bbox 554 3161 766 3253; x_wconf 53' lang='lat' dir='ltr'><strong>alilenis</strong></span> <span class='ocrx_word' id='word_1_328' title='bbox 791 3161 1124 3221; x_wconf 87' lang='lat' dir='ltr'><strong>hominibus</strong></span> <span class='ocrx_word' id='word_1_329' title='bbox 1173 3178 1327 3228; x_wconf 89' lang='lat' dir='ltr'><strong>esse,</strong></span> <span class='ocrx_word' id='word_1_330' title='bbox 1372 3158 1713 3250; x_wconf 77' lang='lat' dir='ltr'><strong>pariterque</strong></span> <span class='ocrx_word' id='word_1_331' title='bbox 1760 3159 1824 3219; x_wconf 91' lang='lat' dir='ltr'><strong>in</strong></span> <span class='ocrx_word' id='word_1_332' title='bbox 1866 3159 1941 3219; x_wconf 90' lang='lat' dir='ltr'><strong>iis</strong></span> <span class='ocrx_word' id='word_1_333' title='bbox 1968 3161 2258 3224; x_wconf 87' lang='lat' dir='ltr'><strong>beneficio</strong></span> 
     </span>
    </p>
   </div>
   <div class='ocr_carea' id='block_1_13' title="bbox 255 3237 2255 3318">
    <p class='ocr_par' dir='ltr' id='par_1_14' title="bbox 255 3237 2255 3318">
     <span class='ocr_line' id='line_1_42' title="bbox 255 3237 2255 3318; baseline -0.001 -14"><span class='ocrx_word' id='word_1_334' title='bbox 255 3263 328 3304; x_wconf 80' lang='lat' dir='ltr'><strong>ac</strong></span> <span class='ocrx_word' id='word_1_335' title='bbox 357 3243 649 3304; x_wconf 76' lang='lat' dir='ltr'><strong>maleficxo</strong></span> <span class='ocrx_word' id='word_1_336' title='bbox 677 3238 962 3302; x_wconf 84' lang='lat' dir='ltr'><strong>abstineri</strong></span> <span class='ocrx_word' id='word_1_337' title='bbox 1001 3257 1243 3318; x_wconf 71' lang='lat' dir='ltr'><strong>aequum</strong></span> <span class='ocrx_word' id='word_1_338' title='bbox 1284 3243 1577 3299; x_wconf 79' lang='lat' dir='ltr'><strong>censent:</strong></span> <span class='ocrx_word' id='word_1_339' title='bbox 1618 3259 1705 3298; x_wconf 78' lang='lat' dir='ltr'><strong>sm</strong></span> <span class='ocrx_word' id='word_1_340' title='bbox 1758 3259 1865 3317; x_wconf 81' lang='lat' dir='ltr'><strong>vos</strong></span> <span class='ocrx_word' id='word_1_341' title='bbox 1890 3237 2255 3302; x_wconf 69' lang='lat' dir='ltr'><strong>interdicitis</strong></span> 
     </span>
    </p>
   </div>
   <div class='ocr_carea' id='block_1_14' title="bbox 215 3317 2257 3400">
    <p class='ocr_par' dir='ltr' id='par_1_15' title="bbox 215 3317 2257 3400">
     <span class='ocr_line' id='line_1_43' title="bbox 215 3317 2257 3400; baseline -0.002 -18"><span class='ocrx_word' id='word_1_342' title='bbox 215 3371 230 3382; x_wconf 89' lang='lat'><strong>.</strong></span> <span class='ocrx_word' id='word_1_343' title='bbox 255 3322 536 3384; x_wconf 88' lang='lat' dir='ltr'><strong>Patribus</strong></span> <span class='ocrx_word' id='word_1_344' title='bbox 564 3319 918 3382; x_wconf 89' lang='lat' dir='ltr'><strong>commercio</strong></span> <span class='ocrx_word' id='word_1_345' title='bbox 944 3319 1133 3400; x_wconf 89' lang='lat' dir='ltr'><strong>plebis</strong></span> <span class='ocrx_word' id='word_1_346' title='bbox 1162 3339 1183 3390; x_wconf 81' lang='lat'><em>3</em></span> <span class='ocrx_word' id='word_1_347' title='bbox 1222 3338 1299 3378; x_wconf 89' lang='lat' dir='ltr'><strong>ne</strong></span> <span class='ocrx_word' id='word_1_348' title='bbox 1346 3337 1457 3378; x_wconf 88' lang='lat' dir='ltr'><strong>nos</strong></span> <span class='ocrx_word' id='word_1_349' title='bbox 1484 3319 1762 3378; x_wconf 84' lang='lat' dir='ltr'><strong>comitate</strong></span> <span class='ocrx_word' id='word_1_350' title='bbox 1790 3317 1861 3378; x_wconf 63' lang='lat' dir='ltr'><strong>ac</strong></span> <span class='ocrx_word' id='word_1_351' title='bbox 1901 3317 2257 3382; x_wconf 85' lang='lat' dir='ltr'><strong>munificen-</strong></span> 
     </span>
    </p>
   </div>
   <div class='ocr_carea' id='block_1_15' title="bbox 251 3396 2257 3724">
    <p class='ocr_par' dir='ltr' id='par_1_16' title="bbox 251 3396 2257 3724">
     <span class='ocr_line' id='line_1_44' title="bbox 253 3396 2257 3482; baseline -0.001 -18"><span class='ocrx_word' id='word_1_352' title='bbox 253 3404 344 3464; x_wconf 75' lang='lat' dir='ltr'><strong>tia</strong></span> <span class='ocrx_word' id='word_1_353' title='bbox 371 3407 580 3462; x_wconf 74' lang='lat' dir='ltr'><strong>nostra</strong></span> <span class='ocrx_word' id='word_1_354' title='bbox 606 3419 994 3482; x_wconf 79' lang='lat' dir='ltr'><strong>provocemus</strong></span> <span class='ocrx_word' id='word_1_355' title='bbox 1020 3398 1273 3479; x_wconf 90' lang='lat' dir='ltr'><strong>plebem,</strong></span> <span class='ocrx_word' id='word_1_356' title='bbox 1327 3417 1439 3458; x_wconf 89' lang='lat' dir='ltr'><strong>nec</strong></span> <span class='ocrx_word' id='word_1_357' title='bbox 1487 3397 1655 3476; x_wconf 87' lang='lat' dir='ltr'><strong>plebs</strong></span> <span class='ocrx_word' id='word_1_358' title='bbox 1697 3397 1864 3457; x_wconf 86' lang='lat' dir='ltr'><strong>nobis</strong></span> <span class='ocrx_word' id='word_1_359' title='bbox 1894 3396 2057 3458; x_wconf 89' lang='lat' dir='ltr'><strong>dicto</strong></span> <span class='ocrx_word' id='word_1_360' title='bbox 2084 3402 2257 3463; x_wconf 88' lang='lat' dir='ltr'><strong>audi-</strong></span> 
     </span>
     <span class='ocr_line' id='line_1_45' title="bbox 253 3475 2257 3561; baseline -0.002 -17"><span class='ocrx_word' id='word_1_361' title='bbox 253 3503 362 3544; x_wconf 85' lang='lat' dir='ltr'><strong>ens</strong></span> <span class='ocrx_word' id='word_1_362' title='bbox 380 3489 564 3561; x_wconf 83' lang='lat' dir='ltr'><strong>atque</strong></span> <span class='ocrx_word' id='word_1_363' title='bbox 603 3481 887 3542; x_wconf 86' lang='lat' dir='ltr'><strong>obediens</strong></span> <span class='ocrx_word' id='word_1_364' title='bbox 915 3479 1010 3539; x_wconf 87' lang='lat' dir='ltr'><strong>sit.</strong></span> <span class='ocrx_word' id='word_1_365' title='bbox 1091 3479 1331 3552; x_wconf 85' lang='lat' dir='ltr'><strong>Quanto</strong></span> <span class='ocrx_word' id='word_1_366' title='bbox 1358 3477 1622 3544; x_wconf 72' lang='lat' dir='ltr'><strong>tandem,</strong></span> <span class='ocrx_word' id='word_1_367' title='bbox 1650 3477 1699 3534; x_wconf 88' lang='lat' dir='ltr'><strong>si</strong></span> <span class='ocrx_word' id='word_1_368' title='bbox 1722 3475 2042 3554; x_wconf 88' lang='lat' dir='ltr'><strong>quicquam</strong></span> <span class='ocrx_word' id='word_1_369' title='bbox 2066 3477 2128 3539; x_wconf 90' lang='lat' dir='ltr'><strong>in</strong></span> <span class='ocrx_word' id='word_1_370' title='bbox 2152 3503 2257 3542; x_wconf 80' lang='lat' dir='ltr'><strong>vo-</strong></span> 
     </span>
     <span class='ocr_line' id='line_1_46' title="bbox 251 3555 2253 3636; baseline -0.005 -12"><span class='ocrx_word' id='word_1_371' title='bbox 251 3563 364 3633; x_wconf 83' lang='lat' dir='ltr'><strong>bis,</strong></span> <span class='ocrx_word' id='word_1_372' title='bbox 393 3583 512 3622; x_wconf 86' lang='lat' dir='ltr'><strong>non</strong></span> <span class='ocrx_word' id='word_1_373' title='bbox 539 3561 675 3622; x_wconf 90' lang='lat' dir='ltr'><strong>dico</strong></span> <span class='ocrx_word' id='word_1_374' title='bbox 703 3558 919 3629; x_wconf 84' lang='lat' dir='ltr'><strong>civilis,</strong></span> <span class='ocrx_word' id='word_1_375' title='bbox 947 3559 1054 3618; x_wconf 86' lang='lat' dir='ltr'><strong>sed</strong></span> <span class='ocrx_word' id='word_1_376' title='bbox 1081 3557 1323 3617; x_wconf 85' lang='lat' dir='ltr'><strong>humani</strong></span> <span class='ocrx_word' id='word_1_377' title='bbox 1351 3561 1529 3623; x_wconf 86' lang='lat' dir='ltr'><strong>esset,</strong></span> <span class='ocrx_word' id='word_1_378' title='bbox 1576 3555 1775 3614; x_wconf 83' lang='lat' dir='ltr'><strong>favere</strong></span> <span class='ocrx_word' id='word_1_379' title='bbox 1804 3574 1911 3613; x_wconf 84' lang='lat' dir='ltr'><strong>vos</strong></span> <span class='ocrx_word' id='word_1_380' title='bbox 1940 3558 2144 3636; x_wconf 84' lang='lat' dir='ltr'><strong>magis,</strong></span> <span class='ocrx_word' id='word_1_381' title='bbox 2172 3569 2253 3630; x_wconf 82' lang='lat' dir='ltr'><strong>et,</strong></span> 
     </span>
     <span class='ocr_line' id='line_1_47' title="bbox 255 3633 2254 3724; baseline -0.004 -21"><span class='ocrx_word' id='word_1_382' title='bbox 255 3649 548 3724; x_wconf 85' lang='lat' dir='ltr'><strong>quantum</strong></span> <span class='ocrx_word' id='word_1_383' title='bbox 574 3641 639 3700; x_wconf 90' lang='lat' dir='ltr'><strong>in</strong></span> <span class='ocrx_word' id='word_1_384' title='bbox 665 3637 834 3700; x_wconf 84' lang='lat' dir='ltr'><strong>vobis</strong></span> <span class='ocrx_word' id='word_1_385' title='bbox 861 3645 1039 3708; x_wconf 86' lang='lat' dir='ltr'><strong>esset,</strong></span> <span class='ocrx_word' id='word_1_386' title='bbox 1085 3637 1397 3716; x_wconf 63' lang='lat' dir='ltr'><strong>indulgere</strong></span> <span class='ocrx_word' id='word_1_387' title='bbox 1439 3633 1635 3715; x_wconf 84' lang='lat' dir='ltr'><strong>potius</strong></span> <span class='ocrx_word' id='word_1_388' title='bbox 1690 3633 1956 3694; x_wconf 87' lang='lat' dir='ltr'><strong>comitati</strong></span> <span class='ocrx_word' id='word_1_389' title='bbox 2008 3638 2254 3696; x_wconf 71' lang='lat' dir='ltr'><strong>Petrum</strong></span> 
     </span>
    </p>
   </div>
   <div class='ocr_carea' id='block_1_16' title="bbox 254 3711 2250 3803">
    <p class='ocr_par' dir='ltr' id='par_1_17' title="bbox 254 3711 2250 3803">
     <span class='ocr_line' id='line_1_48' title="bbox 254 3711 2250 3803; baseline -0.007 -19"><span class='ocrx_word' id='word_1_390' title='bbox 254 3730 440 3803; x_wconf 69' lang='lat' dir='ltr'><strong>atque</strong></span> <span class='ocrx_word' id='word_1_391' title='bbox 482 3720 769 3802; x_wconf 76' lang='lat' dir='ltr'><strong>obsequio</strong></span> <span class='ocrx_word' id='word_1_392' title='bbox 815 3717 1008 3800; x_wconf 73' lang='lat' dir='ltr'><strong>plebis</strong></span> <span class='ocrx_word' id='word_1_393' title='bbox 1047 3717 1359 3798; x_wconf 81' lang='lat' dir='ltr'><strong>oportuit?</strong></span> <span class='ocrx_word' id='word_1_394' title='bbox 1399 3733 1533 3792; x_wconf 75' lang='lat' dir='ltr'><strong>quoe</strong></span> <span class='ocrx_word' id='word_1_395' title='bbox 1585 3711 1640 3772; x_wconf 80' lang='lat' dir='ltr'><strong>si</strong></span> <span class='ocrx_word' id='word_1_396' title='bbox 1674 3719 1964 3794; x_wconf 80' lang='lat' dir='ltr'><strong>perpetua</strong></span> <span class='ocrx_word' id='word_1_397' title='bbox 2005 3731 2250 3774; x_wconf 76' lang='lat' dir='ltr'><strong>concor-</strong></span> 
     </span>
    </p>
   </div>
  </div>
 </body>
</html>
