2400 4109
223 157 344 222 202
530 156 537 163 ’
1073 161 1152 222 Τ.
1178 157 1397 224 L1v11

133 377 140 384 .
229 319 328 380 ubi
358 325 450 380 est
477 321 722 391 factum,
767 319 1081 381 interclusi
1109 319 1345 399 equites
1374 339 1389 378 ι
1430 338 1543 378 nec
1626 335 1965 398 errumpere
1992 317 2224 387 eadem,

231 405 352 480 qua
374 398 752 471 transierant,
807 421 979 482 posse
1011 421 1026 458 ε
1067 385 1433 459 ibi*maxime
1462 419 1575 459 con
1602 399 1747 460 ertis
1772 399 2062 467 hostibus,
2110 404 2228 476 qua

227 480 386 539 viam
407 480 678 541 fecerant
705 501 722 540 ι
763 489 824 540 et
853 477 1473 560 consul'legionesque
1500 481 1811 550 Romanae,
1842 499 2047 560 quum,
2076 477 2232 556 quod

229 563 508 640 tegumen
553 561 730 620 modo
773 561 962 621 omnis
1017 559 1319 619 exercitus
1346 559 1561 628 fuerat,
1614 579 1908 639 nusquam
1938 559 2229 626 viderent,

133 695 163 720 >
227 657 306 699 ne
348 645 438 700 tot
465 641 814 701 fortissimos
841 641 999 700 viros
1046 639 1403 700 interclusos
1432 639 1794 720 opprimeret
1820 638 2049 708 xhostis,
2102 644 2230 698 ten-

117 730 130 756 ·’
179 714 202 788 ,Γ
234 718 389 780 dunt
435 719 493 780 in
526 740 942 800 quemcunque
973 739 1196 779 casum.
1280 720 1517 780 Diversi
1565 718 1791 789 Volsci,
1836 719 1977 780 hinc
2021 737 2232 778 consu-

227 799 352 858 lem
394 821 463 860 ac
491 802 752 891 legiones
794 800 1112 868 sustinere,
1165 799 1357 860 altera
1398 799 1592 890 fronte
1634 799 1858 868 instare
1900 797 2229 878 Tempanio

215 885 416 959 atque
443 883 740 959 equ1t1bus
769 901 793 951 ς
830 881 932 960 qui
963 900 1144 959 quum
1169 899 1333 960 saepe
1362 884 1560 939 conati
1580 886 1939 958 nequissent
1964 899 2228 958 perrum-

229 977 372 1040 pere
402 960 478 1019 ad
520 979 676 1029 suOS,
725 961 958 1020 tumulo
1000 960 1259 1038 quodam
1288 965 1605 1040 occupato,
1642 959 1707 1019 in
1736 962 1935 1020 orbem
1964 980 2033 1021 se
2074 966 2227 1019 tuta-

232 1041 468 1108 bantur,
515 1059 891 1121 nequaquam
932 1039 1128 1100 inulti.
1209 1041 1343 1099 Nec
1392 1059 1609 1121 pugnae
1659 1040 1795 1100 finis
1825 1045 1967 1100 ante
1998 1045 2228 1098 noctem
2276 1073 2284 1077 ·

232 1118 350 1181 fuit
378 1139 397 1189 3
437 1121 644 1179 consul
678 1141 934 1200 quoque,
949 1140 1244 1200 nusquam
1268 1119 1511 1181 remisso
1533 1119 1877 1189 certamine,
1900 1119 2043 1179 dum
2065 1119 2230 1198 quic-

232 1218 416 1280 quam
442 1200 735 1280 superfuit
777 1200 950 1270 lucis,
977 1199 1207 1260 hostem
1237 1199 1430 1261 tenuit
1458 1220 1473 1259 ε
1516 1219 1634 1260 nox
1659 1199 1921 1273 incertos
1949 1199 2230 1264 diremit:

235 1281 560 1360 tantusque
587 1283 659 1341 ab
686 1281 1370 1364 imprudentiaeventfis
1398 1285 1663 1359 utraque·
1681 1287 1879 1340 castra
1904 1281 2109 1342 tenuit
2138 1299 2234 1359 pa-

235 1378 364 1428 vor,
411 1369 498 1429 ut,
553 1360 780 1420 relictis
823 1360 1042 1420 sauciis
1095 1366 1158 1419 et
1206 1364 1421 1440 magna
1462 1367 1630 1442 parte
1657 1359 2235 1440 impedimentorum,

234 1442 408 1498 ambo
477 1461 541 1500 ro
569 1439 744 1501 victis
788 1440 1053 1500 exercitu
1073 1448 1097 1456 “
1115 1459 1179 1500 se
1204 1439 1269 1500 in
1296 1446 1527 1500 montes
1556 1440 1853 1520 proximos
1881 1440 2237 1520 reciperent.

237 1519 536 1594 Tumuus
590 1522 790 1582 tamen
845 1520 1068 1580 circum
1107 1540 1275 1580 essus
1300 1521 1483 1596 „ultra
1530 1520 1785 1580 mediam
1829 1526 2071 1580 noctem
2101 1526 2193 1579 est
2218 1539 2235 1589 ς

237 1600 360 1678 quo
388 1619 570 1679 quum
600 1599 1172 1661 circumsedentibus
1214 1599 1561 1660 nunciatum
1590 1605 1749 1660 esset
1778 1607 1973 1663 castra
2002 1596 2237 1661 deserta

239 1698 392 1748 esse,
443 1681 635 1740 victos
675 1680 791 1743 rati
819 1700 974 1749 suos,
1027 1687 1090 1740 et
1114 1680 1249 1761 ipsi,
1278 1686 1399 1760 qua
1428 1699 1727 1758 quemque
1755 1680 1818 1740 in
1845 1679 2111 1739 tenebris
2178 1699 2236 1738 a·

237 1777 346 1818 vor
369 1758 530 1828 tulit,
558 1761 859 1842 fugerunt.
940 1761 1309 1840 Tempanius
1339 1765 1499 1820 metu
1520 1759 1867 1820 insidiarum
1892 1779 2035 1818 suos
2052 1760 2129 1820 ad
2175 1778 2238 1817 u-

239 1857 372 1897 cem
425 1839 622 1900 tenuit
650 1860 668 1909 ;
710 1841 1012 1920 digressus
1041 1841 1261 1900 deinde
1290 1840 1417 1919 ipse
1446 1859 1583 1898 cum
1611 1840 1818 1920 paucis
1846 1841 2241 1920 speculatum,

241 1935 424 1998 quum
479 1921 552 1978 ab
599 1920 818 1979 sauciis
870 1919 1135 1980 hostibus
1177 1918 1539 1980 sciscitando
1594 1917 1998 2001 comperisset,
2051 1925 2241 1981 castra

240 1997 607 2058 Volscorum'
634 2000 874 2060 deserta
922 2019 1072 2070 esse,
1125 2001 1305 2060 lae'tus
1332 2001 1405 2059 ab
1434 1995 1663 2059 tumulo
1692 2020 1829 2060 suos
1858 1999 2134 2068 devocat,
2186 2005 2243 2058 et

238 2077 303 2139 in
332 2083 529 2139 castra
557 2081 824 2140 Romana
849 2086 1123 2160 penetrat
1149 2099 1169 2150 3
1210 2078 1311 2153 ubi
1336 2099 1521 2158 quum
1548 2075 1721 2141 vasta
1738 2080 2241 2158 desertaquepm-

239 2157 362 2228 nia,
389 2165 572 2238 atque
601 2159 872 2229 eandem,
900 2180 1080 2238 quam
1109 2160 1271 2240 apud
1298 2160 1515 2228 hostes,
1536 2159 1870 2220 foeditatem
1892 2159 2242 2227 invenisset,

239 2237 586 2320 priusquam
619 2240 864 2302 Volscos
893 2240 1165 2322 cognitus
1193 2260 1355 2300 error
1382 2240 1715 2309 reduceret,
1766 2241 1981 2319 quibus
2055 2243 2243 2298 oterat

243 2319 465 2379 sauciis
494 2320 692 2380 ductis
720 2341 944 2390 secum,
997 2321 1239 2402 ignarus
1281 2340 1459 2398 quam
1488 2319 1789 2400 regionem
1817 2339 2005 2379 consu
2057 2319 2241 2401 petis-

231 2403 355 2468 set,
383 2400 458 2459 ad
487 2403 693 2461 urbem
718 2399 1002 2482 proximis
1028 2400 1339 2461 itineribus
1365 2400 1577 2481 pergit.
1971 2440 1979 2444 -
2031 2398 2040 2406 '

325 2477 481 2541 XL:
497 2481 532 2542 J
536 2500 631 2541 am
660 2482 732 2541 eo
759 2481 920 2542 fama
947 2503 1163 2564 pugnae
1195 2481 1467 2542 adversae
1498 2486 1945 2560 castrorumque
1974 2479 2240 2540 deserto-

241 2579 375 2618 rum
403 2561 633 2639 perlata
655 2568 786 2622 erat
812 2583 828 2619 τ
871 2569 934 2622 et
955 2571 1098 2624 ante
1119 2562 1315 2622 omnia
1337 2561 1629 2642 deplorati
1656 2568 1830 2623 erant
1851 2559 2103 2640 equiteS,
2125 2577 2240 2618 non

241 2639 474 2719 privato
500 2641 707 2722 magis,
734 2646 915 2723 quam
941 2642 1197 2724 publico,
1226 2641 1396 2701 luctu
1424 2660 1440 2699 ε
1483 2641 1823 2720 Fabiusque
1852 2640 2081 2710 consul,
2119 2645 2237 2698 ter-

242 2738 379 2796 rore
397 2719 528 2780 urbi
546 2741 782 2802 quoque
804 2723 1046 2814 injecto,
1068 2720 1388 2791 stationem
1411 2729 1551 2780 ante
1569 2719 1771 2802 portas
1788 2722 2001 2802 agebat
2021 2740 2037 2778 :
2058 2737 2236 2798 quum

244 2794 498 2878 equiteS,
540 2803 746 2882 procul
773 2802 886 2862 visl
912 2821 1032 2862 non
1061 2801 1189 2862 sine
1220 2804 1445 2860 terrore
1486 2801 1558 2860 ab
1600 2800 1814 2870 dubiis,
1864 2801 2111 2880 quinam
2150 2817 2243 2858 es·-

241 2884 400 2949 sent,
429 2901 564 2941 mox
592 2881 831 2963 cogniti,
857 2889 1085 2964 tantam
1115 2902 1190 2943 ex
1211 2887 1373 2941 metu
1398 2880 1672 2943 laetitiam
1702 2881 1921 2949 fecere,
1936 2885 2009 2939 ut
2026 2879 2238 2940 clamor

245 2962 452 3021 urbem
481 2963 834 3043 pervaderet
861 2962 1304 3044 gratulantium,
1359 2963 1555 3022 salvos
1596 2961 1977 3039 victoresque
2018 2959 2237 3019 redisse

249 3041 484 3119 equites
513 3063 528 3100 ε
572 3048 632 3103 et
659 3064 733 3105 ex
760 3043 989 3104 moestis
1017 3043 1194 3124 paulo
1244 3043 1384 3102 ante
1427 3041 1715 3111 domibus,
1742 3062 1880 3121 quae
1910 3041 2240 3100 conclama-

247 3128 463 3182 verant
507 3142 662 3192 su03,
715 3129 1163 3204 procurreretur
1209 3121 1273 3182 in
1304 3121 1427 3182 vias
1457 3142 1475 3193 3
1517 3120 1867 3202 pavidaeque
1914 3128 2134 3192 matres
2174 3136 2240 3178 ac

251 3203 551 3282 conjugeS,
600 3203 795 3264 oblitae
823 3222 949 3284 prae
979 3203 1192 3286 gaudio
1220 3202 1473 3271 decoriS,
1518 3201 1751 3263 obviam
1792 3200 2011 3293 agmini
2038 3217 2241 3259 occur-

239 3288 470 3355 rerent,
495 3282 558 3342 in
587 3303 724 3344 suos
753 3304 888 3363 quae
932 3304 1028 3354 ue,
1071 3283 1247 3344 simul
1278 3303 1522 3362 corpore
1548 3287 1731 3374 atque
1758 3301 1955 3340 animo
1980 3281 2079 3339 vix
2120 3297 2241 3368 prpe

248 3361 467 3440 gaudio
495 3369 816 3444 compoteS,
941 3384 1082 3425 usae.
1165 3361 1449 3422 Tribunis
1487 3361 1647 3442 plebl
1687 3361 1793 3440 qui
1819 3361 1910 3420 M.
1938 3361 2241 3420 Postumio

253 3445 316 3498 et
343 3441 422 3500 Τ.
448 3443 730 3516 Quinctio
759 3443 918 3505 diem
946 3444 1241 3511 dixerant,
1294 3441 1457 3520 quod
1487 3443 1565 3510 ad
1589 3439 1790 3522 ,Vejos
1823 3461 2027 3502 eorum
2068 3442 2243 3518 opera

251 3516 408 3576 male
436 3532 761 3602 pugnatum
779 3531 957 3594 esset,
979 3521 1211 3584 occasio
1238 3521 1367 3581 visa
1384 3528 1478 3585 est
1499 3542 1607 3602 per
1624 3541 1829 3582 recens
1850 3520 2047 3580 odium
2082 3520 2245 3578 Sem-

249 3599 446 3667 pronii
500 3603 762 3666 consulis
784 3602 1160 3664 'renovandae
1210 3601 1275 3661 in
1302 3620 1404 3661 eos
1432 3601 1697 3662 invidiae.
1778 3601 2013 3678 Itaque,
2066 3598 2246 3658 advo·

254 3675 391 3759 cata
419 3681 722 3752 concione,
747 3705 931 3763 quum
980 3681 1275 3764 proditam
1318 3681 1488 3762 Vejis
1534 3679 1956 3761 rempublicam
2001 3699 2132 3738 esse
2174 3678 2245 3738 ab

251 3742 518 3824 fluctibus,
537 3753 841 3844 proditum
857 3763 1096 3836 deinde,
1137 3760 1433 3852 quiaillis
1489 3761 1731 3849 impune
1758 3759 1958 3842 fuerit,
2011 3758 2075 3820 in
2104 3756 2247 3818 Vol-

1067 3929 1072 3934 ·
1129 3923 1307 4048 *w

1598 2479 1609 2486 v
