2400 4109
13 340 18 441 sst
54 350 60 355 .

1037 124 1299 184 LIBER
1331 123 1439 184 lv.
1546 156 1555 167 «
1792 169 1804 184 ,
2120 131 2237 192 187

467 207 554 262 &f

233 451 429 506 tracta
478 445 708 526 spolia3
751 452 1049 525 caputque
1102 445 1425 505 abscissum
1480 445 1671 504 victor
1718 439 1953 526 ‘spiculo
2000 467 2236 528 gerens,

233 531 461 584 terrore
490 525 635 586 caesi
665 524 822 605 regis
849 526 1046 591 hostes
1073 523 1289 583 fundit.
1371 525 1467 584 Ita
1516 527 1783 603 equitum
1820 544 2057 608 quoque
2099 527 2237 590 fusa

233 604 412 672 acies,
461 625 598 683 quae
629 623 750 664 una
775 604 1006 678 fecerat
1031 623 1253 686 anceps
1282 612 1601 663 certamen.
1685 606 1959 666 Dictator
1984 605 2231 686 legioni-

233 686 343 744 bus
370 684 588 764 fugatis
615 684 821 753 instat,
871 691 933 744 et
973 683 1049 744 ad
1096 684 1291 743 castra
1332 685 1669 764 compulsos·
1694 685 1891 746 caedit.
1974 687 2231 750 Fidena-

231 763 379 824 tium
407 765 650 844 plurimi
695 764 959 824 locorum
1000 761 1216 824 notitia
1258 761 1513 844 effugere
1552 764 1615 824 in
1656 782 1906 826 monteS.
1988 766 2240 840 CossuS,

229 843 494 904 Tiberim
548 865 682 904 cum
725 845 1000 923 equitatu,
1023 849 1439 922 transvectum,
1468 863 1542 902 ex
1588 865 1727 925 agro
1756 847 2091 926 Vejentano
2130 848 2227 908 in·-

222 933 470 1004 gentem
512 923 730 984 detulit
769 925 1032 1003 praedam
1075 918 1152 984 ad
1195 927 1418 984 urbem.
1501 925 1667 985 Inter
1717 925 1995 1005 proelium
2050 935 2113 986 et
2150 929 2231 988 ad

231 1010 432 1063 eastra
455 1005 728 1063 'Romana
753 1013 1076 1084 pugnatum
1105 1010 1202 1066 est
1228 1003 1517 1065 adversus
1543 1010 1767 1084 partem
1792 1005 2113 1086 copiarum,
2153 1011 2227 1068 ab

231 1082 574 1152 Tolumnio,
619 1091 688 1142 ut
729 1088 864 1144 ante
893 1083 1120 1144 dictum
1150 1089 1263 1150 est,
1334 1083 1411 1142 2d-
1436 1090 1633 1144 castra
1672 1085 1927 1145 missam.
2010 1087 2228 1147 Fabius

229 1162 564 1236 Vibulanus
593 1169 808 1224 corona
834 1163 1092 1244 primum
1123 1164 1349 1224 vallum
1376 1163 1681 1223 defendit:
1708 1164 1967 1224 intentos
2005 1167 2227 1230 deinde

224 1243 428 1304 hostes
455 1243 517 1303 in
545 1244 789 1312 vallum,
817 1263 1087 1328 egressus
1117 1245 1329 1304 dextra
1359 1243 1694 1324 principali,
1723 1264 1859 1303 cum
1886 1245 2104 1306 triariis
2130 1269 2227 1308 re-

225 1325 406 1404 pente
433 1323 664 1384 invadit
692 1344 710 1393 3
752 1344 869 1402 quo
895 1344 1116 1405 pavore
1155 1325 1396 1405 inject0,
1440 1323 1637 1385 caedes
1665 1324 1871 1394 minor,
1912 1325 2053 1404 quia
2080 1348 2229 1408 pau-

226 1403 417 1464 ciores
445 1411 659 1474 erant3
699 1404 840 1484 fuga
866 1423 986 1464 non
1015 1405 1213 1464 minus
1242 1405 1493 1485 trepida,
1520 1405 1701 1484 quam
1730 1404 1793 1463 in
1820 1405 1969 1474 acie,
1996 1405 2129 1466 fuit.

307 1484 438 1543 XX.
481 1483 770 1543 Omnibus
812 1483 960 1543 locis
999 1504 1067 1542 re
1106 1487 1260 1544 bene
1298 1488 1485 1564 gesta,
1541 1484 1800 1545 dictator
1840 1492 2229 1547 senatuscon-

225 1562 386 1624 sulto
405 1565 701 1644 jussuque
747 1563 952 1642 populi
977 1563 1351 1644 triumphans
1392 1564 1457 1622 in
1498 1565 1703 1623 urbem
1743 1564 1941 1626 rediit.
2022 1566 2231 1647 Longe

223 1643 548 1704 maximum
588 1641 872 1720 triumphi
913 1643 1323 1720 spectaculum
1364 1641 1479 1702 fuit
1520 1643 1765 1712 CossuS,
1804 1645 1993 1724 spolia
2032 1644 2229 1726 opima

224 1723 386 1798 regis
427 1721 732 1782 interfecti
756 1741 970 1802 gerens
994 1722 1112 1781 >in
1155 1743 1291 1782 eum
1331 1721 1554 1782 milites
1597 1723 1857 1784 carmina
1902 1724 2231 1797 incondita,

227 1801 540 1881 aequantes
569 1822 704 1861 eum
737 1802 1004 1872 Romulo,
1033 1823 1267 1863 canere.
1348 1800 1553 1882 'Spolia
1590 1803 1655 1862 in
1694 1804 1825 1864 oede
1850 1805 2015 1865 Jovis
2044 1807 2228 1866 Fere-

222 1882 330 1941 trii
353 1901 538 1965 prope
565 1883 804 1943 Romuli
832 1882 1066 1962 spolia„
1086 1903 1241 1962 quae,
1282 1883 1472 1964 prima
1499 1883 1711 1976 Opima
1737 1886 2054 1966 appellata,
2097 1885 2226 1946 sola

225 1968 301 2022 ea
343 1969 699 2043 tempestate
733 1970 921 2032 erant,
971 1983 1106 2022 cum
1155 1963 1388 2023 solenni
1428 1964 1808 2024 dedicatione
1850 1966 2005 2025 dono
2045 1965 2181 2025 fixit
2206 1987 2232 2038 ς

224 2047 640 2121 averteratque
667 2043 730 2106 in
773 2063 836 2102 se
867 2045 899 2102 a
927 2063 1104 2102 curru
1133 2043 1447 2104 dictatoris
1476 2043 1695 2104 civium
1721 2065 1842 2112 ora,
1890 2051 1951 2104 et
1980 2044 2228 2105 celebri-

221 2123 366 2182 tatis
409 2119 544 2202 'ejus
572 2122 692 2182 diei
718 2123 981 2200 {ructum
1009 2123 1190 2203 prope
1221 2124 1381 2183 solus
1424 2124 1662 2183 tulerat.
1742 2123 2019 2184 Dictator
2061 2145 2227 2186 coro-
2260 2125 2282 2187 ἶ
2319 2123 2335 2136 Ἰ

220 2221 362 2262 nam
389 2223 626 2263 auream
658 2202 866 2262 libram
894 2203 1094 2282 pond&
1121 2223 1194 2261 ex
1224 2203 1463 2283 publica
1492 2203 1759 2282 pecunia,
1806 2203 2009 2285 populi
2028 2205 2227 2284 jussu,

221 2282 284 2344 in
329 2283 626 2363 Capitolio
652 2282 786 2342 Jovi
835 2283 1054 2362 donum
1083 2283 1300 2362 posuit.
1382 2283 1603 2342 Omnes
1644 2290 1782 2344 ante
1799 2290 1905 2354 ‚ine
1950 2291 2231 2348 auctores

223 2371 486 2433 secutuS,
534 2365 609 2422 A.
639 2363 984 2422 Cornelium
1015 2363 1271 2422 Cossum
1318 2361 1622 2422 tribunum
1664 2363 1916 2423 militum
1962 2365 2232 2426 secunda

222 2443 416 2524 spolia
442 2445 640 2524 opima
664 2443 828 2503 Jovis
856 2441 1108 2505 Feretrii
1135 2443 1359 2522 templo
1386 2441 1680 2512 intulisse,
1728 2441 1971 2525 exposui
2001 2465 2019 2515 3
2062 2454 2225 2506 cete-

219 2543 374 2594 rum,
423 2529 818 2603 praeterquam
849 2523 1008 2602 quod
1035 2543 1108 2582 ea
1133 2524 1245 2582 rite
1276 2521 1469 2602 opima
1512 2523 1699 2604 spolia
1724 2524 2033 2594 habentur,
2082 2545 2222 2606 quae

223 2604 348 2662 dux
375 2601 514 2662 duci
545 2602 807 2663 detraxit
830 2623 849 2673 3
891 2623 1002 2663 nec
1045 2604 1260 2663 ducem
1308 2603 1611 2684 novimus„
1648 2603 1763 2663 nisi
1805 2607 1977 2686 cujus
2024 2607 2225 2689 auspi·-

221 2684 314 2742 cio
338 2684 561 2743 >bellum
589 2684 814 2764 geritur
843 2703 862 2754 3
901 2683 1112 2744 titulus
1143 2683 1291 2764 ipse,
1320 2683 1525 2764 spoliis
1552 2684 1735 2744 inseri
1779 2693 1895 2754 tus,
1936 2685 2073 2746 illos
2098 2709 2226 2757 me,-

222 2783 342 2842 que
370 2763 584 2845 arguit,
639 2764 938 2824 consulem
983 2785 1054 2824 ea
1081 2765 1335 2824 Cossum
1380 2764 1628 2844 cepisse.
1710 2765 1739 2826 1
1774 2785 1844 2824 oc
1887 2787 2229 2848 egoquum

221 2848 560 2936 Augustum
608 2845 925 2913 Caesarem,
986 2845 1342 2925 templorum
1385 2843 1645 2904 omnium
1702 2844 2091 2906 conditorem.
2119 2855 2226 2908 aut·

164 2956 170 2962 *-
222 2931 644 2993 restitutorem,
684 2925 1016 3004 ingressum
1054 2925 1245 2983 aedein
1290 2925 1541 2984 Feretrii
1581 2911 1765 2995 J'ovis,
1812 2947 1990 3005 quam
2022 2936 2223 2988 vetus-

219 3010 346 3065 tate
388 3005 680 3084 dilapsam
705 3003 936 3072 refecit,
991 3003 1277 3084 seipsum
1318 3003 1381 3063 in
1422 3003 1662 3066 thorace
1702 3005 1887 3066 lmteo
1936 3007 2223 3086 scriptum

217 3083 436 3164 legisse
465 3085 764 3146 audissem
798 3105 832 3155 3·
858 3103 1040 3164 prope
1083 3083 1455 3165 sacrilegium
1480 3089 1644 3145 ratus'
1674 3105 1825 3155 sum,
1854 3087 2043 3146 Cosso
2084 3107 2221 3166 spo-

218 3163 432 3224 liorum
463 3185 702 3224 suorum
729 3163 1054 3233 Caesarem,
1075 3162 1265 3244 ipsius
1291 3165 1500 3245 templi
1526 3173 1846 3234 auctorem,
1876 3165 2220 3226 subtrahere

223 3251 440 3305 testem
467 3265 484 3314 3
524 3243 628 3323 qui
657 3244 707 3305 si
749 3265 820 3304 ea
846 3245 909 3304 in
935 3264 1002 3304 re
1029 3244 1110 3303 sit
1135 3263 1320 3313 error,
1356 3247 1515 3323 qued
1544 3250 1667 3304 tam
1695 3252 1929 3306 veteres
1956 3244 2227 3317 annales»,

219 3327 330 3402 qui·
343 3325 503 3404 dque
531 3325 976 3404 magistramum
1004 3323 1157 3395 libri,
1198 3344 1351 3399 quos
1389 3324 1608 3386 linteos
1649 3325 1714 3384 in
1761 3324 1890 3385 aede
1934 3323 2223 3404 repositos

219 3405 490 3466 Monetae
539 3405 752 3465 Macer
805 3403 1082 3464 Licinius
1125 3403 1272 3464 citat
1321 3403 1651 3465 identidem
1702 3411 1993 3473 auctores,
2065 3425 2221 3468 nono

219 3495 360 3568 post
399 3485 636 3544 demum
679 3505 833 3546 anno
887 3505 1020 3544 cum
1064 3485 1140 3543 T.
1181 3484 1463 3559 Quinctio
1504 3487 1711 3544 Penne
1754 3486 1828 3542 A.
1872 3483 2219 3545 Cornelium

221 3565 478 3626 Cossum
518 3565 820 3626 consulem
864 3565 1135 3635 habeant,
1179 3561 1905 3626 existitnatio„communis
1948 3564 2219 3624 omnibus

219 3655 314 3706 est
341 3667 360 3716 ς
402 3649 541 3706 nam
567 3643 750 3705 etiam
795 3643 947 3704 illud
977 3645 1231 3720 accedit,
1278 3663 1356 3703 ne
1398 3647 1518 3723 tani
1550 3641 1713 3700 clara
1739 3660 1938 3721 pugna
1976 3642 2039 3700 in
2082 3661 2223 3700 eum

220 3745 440 3788 aunum
467 3725 780 3800 transferri
805 3728 1029 3806 posset,
1063 3723 1225 3802 qued
1252 3721 1495 3784 imbelle
1518 3718 1841 3782 triennium
1866 3719 2056 3780 ferme
2080 3733 2217 3795 μοι·

2068 221 2135 275 ''¹''ss
2150 247 2175 276 b:
2250 221 2290 268 ὀ*
2382 245 2389 252 “

106 298 134 322 “
239 265 546 366 excepit-³*
561 267 1002 366 -Assurgentem
1029 283 1112 344 ibi
1138 304 1337 366 regem
1366 265 1619 346 umbone
1646 285 1968 366 resupinat,
2012 243 2235 369 {Zpet'i-
2285 316 2326 326 --

184 385 188 390 ’
235 372 483 444 tumque
511 365 728 456 saepius
758 365 1004 444 cuspide
1031 365 1106 425 ad
1139 373 1357 424 terram
1385 365 1575 425 affixit
1601 386 1621 434 3
1658 374 1787 425 tum
1814 369 2095 448 exsangui
2128 368 2235 428 de·
2301 423 2309 428 .

2274 747 2353 818 2<
