2400 4109
193 138 276 198 70
791 169 799 173 -
1045 128 1123 190 T.
1144 126 1365 189 LIVII

193 291 446 353 Romam
480 290 743 350 inei-mes
763 293 827 349 et
851 288 1090 349 fortuna
1117 294 1181 347 et
1208 288 1407 369 specie
1434 286 1773 369 supplicum
1800 286 1987 349 delati
2014 293 2206 362 sunt3

191 372 273 433 ibi
301 372 548 453 benign-3
595 370 830 461 excepti
879 369 1172 447 divisique
1214 370 1275 428 in
1305 368 1579 449 hospitia.
1660 367 1904 429 Curatis
1934 370 2206 431 vulneri-

187 454 319 521 bus,
361 452 464 513 alii
515 450 766 531 profecti
819 451 1067 521 domim„
1089 448 1296 509 nuncii
1342 448 1719 529 hospitalium
1758 449 2211 511 beneficiorum

190 532 429 593 Multos
455 534 660 592 Romae
695 531 990 611 hospitum
1017 532 1299 609 urbisque
1342 530 1558 591 caritas
1598 529 1835 599 tenuit3
1902 529 1991 589 his
2030 530 2209 592 locus

185 613 269 674 ad
319 612 702 673 habitandum
729 612 923 680 datuS,
953 632 1130 693 quem
1159 611 1385 699 deinde·
1406 611 1675 671 Tuscum
1704 608 1902 669 vicum
1930 608 2206 691 appella-

187 702 354 752 runt.
1898 733 1904 737 -

274 772 410 833 XV.
449 773 518 831 P.
545 772 868 833 Lucretius
893 772 1037 833 inde
1065 779 1126 833 et
1153 772 1223 831 P.
1276 771 1553 833 Valerius
1580 770 1891 831 Publicola
1922 771 2207 833 consules

189 853 360 915 facti.
439 853 528 913 Eo
557 868 712 913 anno
754 855 1115 933 postremum
1144 852 1327 935 legati
1380 853 1693 913 {Porsena
1736 852 1814 911 de
1854 852 2205 913 reducendo

189 934 256 995 in
298 952 548 1013 regnum
587 932 920 1013 Tarquinio
961 943 1290 993 venerunt:
1358 934 1571 1013 quibus
1614 952 1796 1011 quum
1850 951 2205 1013 responsum

191 1023 369 1083 esset,
397 1014 738 1075 ,missurum
793 1015 868 1075 ad
912 1026 1107 1095 regem
1137 1023 1409 1075 senatum
1451 1015 1719 1095 legatos;
1760 1012 1937 1072 missi
1968 1012 2205 1073 confes-

189 1093 300 1155 tim
323 1094 810 1156 honoratissimus
837 1094 1091 1175 quisque
1113 1116 1190 1155 ex
1212 1095 1507 1156 Patribus·
1546 1105 1581 1131 ‘⁶
1600 1095 1761 1161 Non,
1782 1091 1927 1172 quin
1944 1092 2209 1154 breviter

187 1174 366 1234 reddi
393 1194 742 1254 responsum
783 1176 1062 1257 potuerit,
1089 1196 1209 1235 non
1252 1176 1435 1255 recipi
1474 1194 1665 1255 reges,
1694 1174 1827 1233 ideo
1855 1174 2052 1253 poti-Cis
2095 1173 2204 1235 de-

193 1254 386 1315 lectos
419 1254 658 1315 Pati-um
707 1256 784 1315 ad
813 1276 949 1315 eum
977 1256 1210 1325 miSSOS,
1238 1257 1413 1333 quim
1446 1255 1657 1336 legatis
1686 1255 1815 1333 ejus
1858 1255 2065 1314 Romae
2092 1254 2205 1314 da-

187 1342 360 1395 retur
387 1355 734 1415 responsum
757 1356 776 1406 3
817 1336 919 1395 sed
947 1338 1014 1394 ut
1039 1336 1103 1395 in
1129 1343 1482 1416 perpetuum
1502 1335 1723 1395 mentio
1740 1336 1869 1413 ejus
1891 1334 1976 1394 rei
2000 1333 2207 1393 finire-

191 1420 313 1485 tur,
341 1436 454 1477 neu
489 1416 553 1475 in
581 1416 765 1476 tantis
806 1415 1028 1475 mutuis
1054 1416 1361 1476 beneficiis
1388 1416 1451 1475 in
1479 1416 1671 1475 vicem
1702 1414 1885 1475 animi
1912 1412 2203 1475 sollicita-

14 1518 17 1521 ·
64 1514 69 1521 ·
130 1555 137 1559 ,
191 1503 442 1556 renturz
511 1516 694 1574 quum
731 1496 839 1555 ille
891 1504 1144 1577 peteret,
1183 1496 1341 1575 quod
1384 1503 1595 1557 contra
1622 1495 1955 1556 libertatem
2000 1494 2207 1575 populi
2391 1550 2392 1553 ,

191 1576 453 1637 Romani
475 1583 678 1647 esset;
721 1576 996 1643 Romani,
1037 1576 1152 1635 nisi
1192 1575 1255 1633 in
1285 1576 1611 1656 perniciem
1634 1596 1803 1637 suam
1830 1575 2041 1635 faciles
2068 1594 2205 1641 esse
2304 1630 2313 1633 -
2391 1614 2392 1619 κ

191 1657 445 1724 vellent,
472 1662 777 1735 negarent,
822 1655 919 1714 cui
947 1655 1092 1714 nihil
1121 1662 1404 1733 negatum
1432 1656 1677 1715 vellent.
1758 1656 1899 1715 Non
1928 1656 1993 1715 in
2022 1658 2205 1735 regno

188 1736 474 1825 populum
519 1734 870 1802 Romanum,
912 1736 1018 1792 sed
1057 1734 1122 1793 in
1164 1733 1437 1795 libertate
1464 1736 1763 1805 esse-3ita
1803 1735 2111 1797 induxisse
2139 1736 2205 1796 in

188 1832 476 1881 animum,
515 1810 782 1872 hostibus
823 1811 948 1891 poti
957 1812 988 1869 ¹31
997 1830 1044 1879 s,
1099 1832 1181 1889 qu
1190 1812 1281 1870 im
1312 1816 1564 1894 regibus
1604 1822 1806 1895 portas
1846 1816 2208 1895 patefacere.

191 1893 342 1953 Eam
371 1910 504 1952 esse
546 1891 916 1950 voluntatem
959 1890 1244 1959 omnium,
1284 1898 1367 1961 ut,
1408 1894 1514 1973 qui
1558 1893 1821 1955 libertati
1863 1895 1980 1953 erit
2005 1896 2069 1955 in
2096 1896 2209 1957 illa

193 1975 339 2032 urbe
387 1970 546 2039 finis,
584 1971 743 2031 idem
802 1970 932 2030 urbi
973 1970 1086 2029 sit.-
1150 1971 1431 2041 Proinde,
1474 1972 1523 2031 si
1555 1973 1795 2033 salvam
1838 1978 1983 2035 esse'
2015 1975 2237 2037 vellet

189 2052 466 2122 Romam,
493 2057 561 2111 ut
587 2052 846 2131 patiatur
872 2050 1118 2112 liberam
1143 2072 1299 2121 esse,
1325 2054 1559 2114 oraress’
1662 2054 1795 2115 Rex
1841 2055 2208 2117 verecundia

190 2133 410 2203 victuS,
462 2144 497 2169 “
521 2132 776 2206 Quando
801 2131 865 2191 id
913 2139 1138 2193 oen-tum
1167 2138 1350 2214 atque
1390 2132 1751 2195 obstinatum
1766 2137 1936 2205 “estss'
1988 2135 2207 2213 inquit,

189 2224 446 2293 “neque
488 2234 596 2295 ego
623 2212 945 2274 obtundam
987 2214 1213 2295 saepius
1255 2216 1464 2275 eadem
1493 2214 1889 2295 nequicquam
1934 2216 2208 2296 agendo:

191 2312 307 2357 nec
337 2294 700 2373 Tarquinios
726 2314 834 2375 spe
863 2293 1090 2364 auxilii,
1131 2296 1292 2375 quod
1340 2294 1573 2357 millum
1602 2296 1664 2355 in
1694 2318 1788 2357 me
1814 2303 1927 2367 est,
1954 2297 2206 2376 frustra-3

189 2376 316 2435 bor.
424 2374 630 2434 Alium
670 2373 830 2444 hinc,
872 2394 974 2435 seu
1015 2376 1174 2435 bello
1218 2397 1367 2459 opus
1410 2382 1519 2449 est,
1575 2396 1678 2437 seu
1721 2378 1942 2457 quiete,
1984 2376 2201 2437 exsilio

189 2462 473 2533 quaerant
498 2456 715 2524 locum,
756 2473 834 2514 ne
876 2455 1020 2535 quid
1048 2475 1241 2517 meam
1283 2458 1584 2519 vobiscum
1614 2478 1824 2539 pacem
1852 2456 2205 2528 distineat-P

191 2534 392 2595 Dictis
419 2536 581 2595 sacta
607 2534 886 2595 amiciora
916 2536 1177 2615 adjecitz
1220 2538 1493 2597 obsidum
1534 2540 1695 2616 quod
1725 2540 2021 2617 reliquum
2054 2542 2205 2609 erat,

185 2613 457 2675 'reddidit
481 2635 537 2684 ;·
581 2635 786 2695 agrum
859 2617 1191 2695 Vejentem,
1251 2617 1481 2677 foedere
1540 2618 1615 2677 ad
1678 2618 2017 2677 Janiculum
2078 2618 2206 2680 icto

190 2695 558 2774 ademptum,
599 2694 881 2755 restituit.
964 2696 1351 2775 Tarquitium,
1394 2714 1499 2778 spe
1541 2696 1700 2756 omni
1732 2696 1961 2755 reditus
1989 2697 2207 2769 incisa,

189 2794 268 2837 ex
303 2775 527 2855 ulatum
556 2775 628 2835 ad
671 2796 950 2857 generum
984 2778 1326 2838 Mamilium
1367 2778 1683 2837 Octavium
1712 2776 2049 2836 Tusculum
2076 2778 2205 2839 abi-

189 2855 258 2917 it.
341 2850 624 2915 Romanis
653 2876 771 2937 pax
799 2856 921 2917 fida
949 2858 1033 2917 ita
1061 2878 1195 2916 cum
1226 2860 1490 2918 Porsena
1518 2856 1650 2916 fuit.

273 2936 442 2996 XVI.
483 2935 778 2997 Consules
815 2939 906 2997 M.
931 2937 1232 3008 ValeriuS,
1257 2938 1329 3002 P.
1357 2936 1715 2999 Postumius.
1796 2937 1885 2996 Eo
1914 2958 2071 2998 anno
2096 2942 2202 3000 be-

190 3036 270 3080 ne
299 3022 626 3099 pugnatum
657 3038 792 3078 cum
825 3018 1100 3088 Sabinis;
1141 3018 1419 3079 consules
1460 3019 1919 3099 triumphssrunt.
2004 3020 2204 3101 Majo-
2253 3060 2277 3075 Ι

191 3118 260 3157 re
287 3098 430 3159 inde
457 3099 612 3157 mole
643 3098 845 3159 Sabini
884 3099 1108 3176 bellum
1228 3100 1474 3170 mbant3
1543 3100 1831 3159 adversus
1874 3120 1993 3170 eoS‚
2036 3108 2096 3169 et
2124 3110 2203 3161 ne

192 3179 338 3258 quid
385 3179 561 3239 simul
606 3181 684 3239 ab
713 3179 984 3238 Tusculo
1014 3178 1118 3259 (un
1164 3202 1217 3249 e,
1244 3180 1507 3242 etsi-non
1534 3188 1825 3273 apertum,
1853 3188 2202 3261 suspectum

192 3263 396 3320 tamen
435 3259 659 3319 bellum
687 3260 838 3341 erat)
871 3259 1165 3339 repentini
1213 3257 1486 3342 periculi
1508 3269 1780 3331 oriretur,
1809 3263 1877 3323 P.
1925 3260 2202 3323 Valerius

192 3342 495 3416 quat-mm,
525 3340 600 3399 T.
627 3339 948 3399 Lucretius
975 3340 1194 3400 iterum
1223 3340 1499 3401 consules
1527 3340 1691 3401 facti.
1776 3342 2023 3409 seditio,
2040 3342 2202 3399 inter

193 3416 340 3475 belli
377 3420 665 3500 pacisque
707 3426 980 3480 auctores
1008 3430 1138 3481 orta
1177 3422 1241 3481 in
1298 3419 1575 3493 Sabinis,
1614 3422 1984 3505 aliquantum
2050 3418 2198 3479 inde

193 3494 410 3554 virium
450 3500 756 3560 transtulit
784 3500 858 3561 ad
889 3500 1202 3563 Romanos
1232 3522 1251 3573 ς
1290 3522 1552 3583 namque⁴
1580 3506 1765 3564 Attus
1793 3504 2069 3569 Clausus,
2096 3498 2200 3561 cui

194 3581 402 3707 {osten
429 3579 545 3655 Ap.
573 3580 829 3643 Claudio
855 3580 969 3641 fuit
995 3583 1202 3644 Romae
1233 3602 1468 3653 nomen,
1492 3606 1623 3646 cum
1654 3582 1818 3665 pacis
1836 3581 1965 3674 ipse
1988 3590 2201 3643 auctor

277 3652 680 3727 turbatoribus
716 3663 859 3725 belli
898 3674 1288 3748 premeretur,
1327 3683 1441 3731 nec
1480 3684 1591 3751 par
1624 3663 1876 3729 factioni
1916 3670 2111 3736 esset.
2124 3666 2201 3727 ab

2390 1188 2392 1199 Α
2378 908 2393 1139 ,ᾼΑΔᾈ-ᾸΑ,
