2400 4109
1021 153 1283 218 mma
1316 132 1421 216 vl
2070 163 2189 222 ιω

179 320 298 386 ret,
341 313 550 376 literas
591 311 669 374 ad
695 316 972 372 senatum
995 312 1160 374 misit
1187 334 1204 373 ε
1246 325 1283 352 “
1306 315 1505 376 Deum
1522 314 1953 378 immortalium
1978 317 2185 412 benig·-
2280 387 2289 391 -

185 394 398 465 nitate,
444 394 568 454 suis
595 392 878 462 consiliis,
923 393 1215 473 patientia
1244 393 1519 465 militum,
1574 396 1757 476 Vejos
1799 400 1927 477 jam
1968 398 2094 460 fore
2122 419 2187 462 m

181 481 482 556 potestate
507 472 712 554 populi
757 473 1010 533 Romani
1033 494 1052 543 ς
1091 473 1237 552 quid
1266 474 1343 534 de
1370 475 1578 555 praeda
1604 475 1945 546 faciendum
1974 497 2190 541 cense-

179 564 318 616 rent
337 555 410 614 P„
491 554 646 614 Duae
677 558 950 613 senatum
978 553 1343 614 distinebant
1370 555 1687 615 sententiae
1718 576 1738 615 x
1778 557 1940 621 senis
1979 559 2047 618 P.
2075 559 2185 619 Li..

181 633 346 705 cinii,
373 653 552 714 quem
580 631 1087 713 primumdixisse
1112 634 1147 692 a
1172 633 1297 693 filio
1335 633 1761 716 interrogatum
1790 629 2009 706 ferunt,
2053 638 2183 699 edi·
2244 637 2251 642 ”

180 713 243 774 ci
289 715 484 795 palam
510 714 750 794 plaeere
779 712 1014 805 populo,
1063 719 1150 782 ut,
1197 713 1302 791 qui
1330 714 1627 795 particeps
1644 735 1777 774 esse
1801 716 2027 807 praedae
2060 717 2187 779 vel·

53 789 80 872 ‘h
177 794 287 865 let,
339 795 402 854 in
455 803 653 853 castra
737 793 847 880 e'o
911 798 1070 852 iret:
1111 792 1303 852 altera
1331 799 1447 886 Ap.
1474 795 1734 863 Claudii,
1762 815 1886 874 qui,
1913 797 2184 880 largitio-

178 894 320 936 nem
349 887 584 942 novam,
611 893 651 952 p
862 893 937 942 m,
963 871 1346 950 inaequalem,
1392 875 1784 934 lnconsultam
1828 877 2185 955 arguens,“si

187 955 374 1014 semel
405 953 572 1013 nefas
601 953 912 1021 ducerent,
939 957 1174 1031 captam
1196 972 1272 1012 ex
1314 952 1575 1013 hostibus
1605 953 1666 1012 in
1698 955 1907 1014 aerario
1933 956 2185 1016 exhaus-

182 1039 250 1094 to
277 1032 454 1092 bellis
484 1032 792 1112 pecuniam
819 1051 972 1100 esse,
1019 1043 1229 1103 auctor
1270 1039 1399 1092 erat
1426 1031 1706 1112 stipendii
1734 1054 1807 1094 ex
1835 1055 1906 1094 ea
1932 1035 2187 1114 pecunia

179 1113 364 1182 militi
417 1111 786 1180 numerandi,
891 1117 920 1170 t
971 1131 1042 1170 eo
1085 1111 1293 1188 ‘minus
1346 1113 1553 1172 tributi
1608 1113 1811 1193 plebes
1866 1115 2182 1189 conferret.

181 1204 220 1230 ⁸‘
249 1193 400 1272 Ejus
441 1192 598 1252 enim
639 1191 782 1250 doni
825 1185 890 1250 sb
921 1166 1173 1276 ieffldm
1197 1211 1495 1282 'sensuras
1546 1193 1859 1286 gequaliter
1912 1147 2245 1256 omniumst'

69 1291 76 1296 ·
183 1272 438 1332 domos:
479 1291 596 1332 non
645 1271 852 1332 avidas
893 1270 956 1329 in
999 1271 1363 1352 direptiones
1414 1291 1621 1330 manus
1662 1271 1981 1332 otiosorum
2008 1277 2184 1336 urba-

179 1371 392 1414 norum
419 1357 820 1432 praerepturas
863 1349 1102 1410 fortium
1131 1349 1482 1411 bellatorum
1514 1351 1753 1431 praemia
1780 1372 1910 1412 esse
1940 1373 1957 1411 z
1997 1373 2181 1432 quum

179 1433 269 1492 ita
294 1433 478 1492 ferme
507 1429 762 1500 eveniat,
789 1437 880 1489 ιη·
907 1430 1141 1510 segnior
1168 1430 1249 1490 sit
1269 1431 1585 1511 praedator,
1628 1438 1695 1490 ut
1738 1433 1992 1511 quisque
2022 1434 2185 1494 labo-

182 1520 270 1572 ris
319 1511 686 1592 periculique
729 1509 1092 1590 praecipuam
1137 1518 1337 1590 petere
1369 1519 1591 1590 partem
1621 1512 1871 1572 soleat-’⁹
1956 1513 2185 1572 Licini-

183 1612 260 1652 us
288 1599 498 1652 contra
524 1601 560 1626 “
585 1596 922 1669 suspectam
971 1596 1033 1648 et
1060 1589 1311 1649 invisam
1334 1610 1456 1650 sem
1502 1611 1567 1650 er
1594 1612 1721 1650 eam
1754 1591 2065 1671 pecuniam
2093 1592 2183 1654 fo-

180 1673 314 1743 re,”
343 1672 538 1732 aiebat
560 1689 578 1740 ;
620 1681 654 1704 “
678 1689 1009 1747 causasque
1051 1669 1366 1728 criminum
1415 1691 1449 1730 a
1519 1671 1771 1751 plebem,
1824 1670 2183 1732 seditionum

2296 1139 2339 1164 p.

179 1753 326 1813 inde
373 1773 445 1813 ac
486 1751 681 1830 legum
726 1769 1027 1816 novarum,
1083 1750 1483 1830 praebituram.
1564 1750 1765 1810 Satius
1804 1750 1987 1831 igitur
2033 1772 2185 1824 esse,

177 1829 560 1893 reconciliari
587 1851 658 1888 eo
687 1829 841 1887 dono
871 1828 1060 1908 plebis
1087 1829 1315 1888 animos
1344 1850 1363 1888 z
1404 1829 1707 1890 exhaustis
1756 1838 1937 1909 atque
1982 1831 2185 1893 exina-

179 1911 328 1974 nitis
354 1912 578 1970 tributo
604 1917 693 1968 tot
719 1928 1005 1968 annorum
1037 1910 1306 1968 succurri
1335 1930 1351 1968 ε
1396 1917 1457 1968 et
1504 1910 1725 1969 sentire
1756 1911 1971 1990 proedae
2024 1911 2183 1972 fruc-

182 1999 314 2054 tum
343 2011 418 2050 ex
439 2011 509 2050 ew
536 1989 710 2058 bello,
751 1991 814 2047 in
856 2008 976 2066 quo
1003 2008 1184 2068 prope
1214 1989 1636 2048 consenuerint
1664 2010 1681 2058 ;
1716 1989 1942 2071 brutius
1968 1989 2030 2050 id
2059 1991 2185 2052 fore

180 2073 534 2150 laetiusque,
562 2069 721 2147 quod
749 2069 1006 2146 quisque
1029 2075 1138 2147 sua
1168 2089 1345 2128 manu
1378 2089 1452 2127 ex
1480 2069 1647 2128 hoste
1678 2075 1913 2148 captum
1944 2068 2185 2130 domum

179 2151 480 2218 retulerit,
510 2149 691 2227 quattu
714 2148 763 2206 si
795 2147 1108 2226 multiplex
1131 2148 1379 2207 alterius
1406 2147 1645 2208 arbitrio
1668 2147 1939 2225 accipiat.
1984 2150 2187 2228 Ipsum
2227 2218 2229 2220 v

181 2231 542 2292 dictatorem
590 2227 792 2310 fugere
837 2227 1120 2288 invidiam
1165 2247 1240 2286 ex
1270 2247 1339 2286 eo
1369 2228 1777 2306 criminaque3
1819 2248 1889 2287 eo
1915 2227 2187 2310 delegas·

181 2331 252 2372 se
281 2311 357 2371 ad
388 2313 682 2369 senatum.
764 2308 1050 2368 Senatum
1101 2327 1338 2384 quoque
1389 2307 1603 2366 debere
1647 2309 1927 2386 rejectam
1958 2311 2083 2366 rem'
2110 2307 2185 2370 ad

182 2411 252 2452 se
321 2389 624 2457 eumittere
652 2386 830 2466 plebi,
874 2407 944 2446 ac
975 2385 1096 2466 pati
1124 2386 1360 2455 habere,
1406 2387 1566 2464 quod
1615 2387 1829 2466 cuique
1879 2386 1997 2446 fors
2044 2388 2186 2448 belli

182 2413 487 2532 deserit„
535 2467 687 2525 Haec
710 2465 894 2524 tutior
920 2469 1048 2526 visa
1075 2465 1373 2528 sententia
1400 2475 1511 2535 est,
1539 2487 1673 2546 quae
1742 2468 2043 2546 epularem
2092 2487 2187 2528 se·

179 2557 396 2613 natum
424 2547 669 2608 faceret.
749 2543 1030 2604 Edictum
1062 2545 1419 2623 itaquetest,
1465 2547 1541 2605 ad
1561 2567 1678 2626 prs<-
1726 2569 1818 2606 am
1851 2547 2189 2624 Veientem,

183 2630 402 2711 quibus
425 2625 743 2692 videretur,
769 2625 831 2683 in
855 2631 1053 2684 castra
1079 2625 1149 2684 ad
1183 2623 1537 2684 dictatorem
1568 2626 2109 2706 proficiscerentur.

265 2707 434 2769 XXI.
478 2707 696 2785 Ingens
743 2704 1012 2784 profecta
1059 2705 1383 2766 multitudo
1424 2726 1489 2764 re
1533 2706 1680 2765 levit
1730 2714 1944 2767 castra.
2026 2709 2189 2768 Tum

189 2789 466 2857 dictator,
508 2785 816 2867 auspicato
857 2803 1151 2865 egressuS,
1203 2805 1387 2862 quum
1436 2805 1469 2845 e
1514 2785 1741 2855 ixisset,
1794 2793 1863 2846 ut
1888 2809 2051 2846 arma
2080 2788 2189 2848 mi-

181 2869 328 2930 lites
355 2859 654 2952 capeg‘ent,
682 2875 717 2902 “
747 2863 884 2922 Tuo
911 2864 1164 2931 ductu,”
1193 2863 1407 2942 inquit,
1460 2875 1495 2900 “
1520 2865 1769 2945 Pythice
1798 2867 2032 2946 Apollo,
2060 2873 2192 2928 tuo-

184 2969 308 3028 que
361 2945 604 3006 numine
653 2943 974 3002 instinctus
1015 2961 1192 3021 pergo
1240 2945 1315 3001 ad
1359 2943 1675 3003 delendam
1718 2947 1920 3008 urbem
1963 2947 2145 3024 Vejos
2173 2968 2193 3007 ε

179 3027 411 3106 tibique
437 3025 575 3084 hinc
605 3023 914 3083 decumam
945 3028 1174 3100 partem.
1195 3022 1417 3100 praedae
1447 3042 1651 3100 voveof
1688 3023 1784 3083 Te
1810 3025 2007 3093 simul,
2031 3027 2191 3086 Juno

179 3107 443 3188 Regina,
491 3124 627 3183 quoe
657 3121 818 3162 nunc
846 3102 1026 3179 Vejos
1069 3100 1239 3169 coliS,
1282 3121 1511 3182 precor,
1563 3108 1633 3162 ut
1670 3121 1781 3162 nos
1830 3103 2086 3164 victores
2125 3105 2192 3165 in

188 3195 471 3255 nostram,
499 3192 786 3260 tuamque
816 3201 950 3242 mox
972 3180 1254 3247 futuram,
1280 3183 1481 3241 urbem
1511 3201 1759 3261 sequare
1789 3203 1807 3242 ε
1845 3183 1947 3243 ubi
1974 3191 2036 3242 te
2063 3183 2193 3266 dig-

186 3286 332 3328 num
362 3263 756 3344 amplitudine
797 3266 905 3320 tua
955 3260 1247 3338 templum
1288 3261 1417 3320 acci
1458 3261 1606 3325 iat,.”
1690 3263 1842 3322 Hoec
1893 3269 2193 3343 precatus.

191 3349 516 3427 superante
557 3338 964 3409 multitudine,
1011 3341 1086 3399 ab
1115 3338 1385 3398 omnibus
1437 3339 1561 3400 ocis
1602 3343 1802 3400 urbem
1832 3341 2196 3422 aggreditur,

193 3445 314 3505 quo
343 3423 536 3484 minor
559 3424 629 3481 ab
659 3419 939 3479 cuniculo
979 3417 1315 3498 ingruentis
1355 3419 1603 3498 periculi
1632 3440 1841 3480 sensus
1868 3427 2046 3481 esset.
2074 3423 2197 3485 Ve-

185 3507 412 3586 jenteS,
438 3501 629 3586 ignari
653 3501 858 3578 sejam
885 3499 1100 3576 ab-suis
1130 3498 1381 3566 vatibus,
1397 3499 1524 3579 jam
1552 3501 1625 3558 ab
1652 3499 1913 3560 externis
1938 3503 2199 3565 oraculis

192 3584 480 3664 proditos,
493 3582 620 3660 jam
647 3579 711 3639 in
737 3584 966 3658 partem
987 3577 1213 3657 proedae
1239 3596 1359 3636 suae
1386 3583 1627 3638 vocatos
1644 3579 1820 3649 Deos,
1847 3580 2015 3649 alios,
2040 3583 2196 3643 votis

188 3681 264 3723 ex
291 3664 439 3722 urbe
468 3679 577 3720 sua
605 3663 906 3726 evocatoS‚
950 3654 1212 3728 hostium
1244 3657 1469 3735 templa
1495 3675 1797 3736 novasque
1825 3659 1999 3719 sedes
2025 3677 2199 3740 spec-

187 3746 338 3813 tare,
365 3759 553 3821 seque
579 3735 856 3802 ultimum
878 3735 1051 3798 illum
1072 3734 1235 3798 diem
1259 3753 1435 3816 agere
1461 3754 1481 3806 ε
1506 3734 1874 3801 nimiminus
1896 3737 2194 3802 timentes.

2298 3859 2371 4064 A
