2400 4109
30 1186 36 1245 .'
95 1150 130 1225 ‘-
203 1154 624 1215 haereditatem
649 1152 846 1235 gentis
878 1148 1111 1213 'scelere
1138 1174 1209 1212 ac
1239 1173 1301 1211 vl
1335 1154 1641 1233 repetisse.

1017 112 1287 177 LIBER
1311 114 1397 176 11.
2134 122 2213 181 ⁵9

283 270 374 337 11.
414 276 640 341 Rerum
665 270 886 335 deinde
913 274 1249 338 divinarum
1289 274 1489 337 habita
1516 294 1701 355 cura,;
1766 279 1849 346 et,
1872 274 2019 355 quia
2042 296 2209 356 quae-

205 355 348 417 dam
395 355 632 437 publica
660 375 830 415 sacra
857 375 965 435 per
990 354 1149 435 ipsos
1187 375 1358 436 reges
1384 355 1657 417 factitata
1683 362 1875 425 erant,
1901 376 1981 415 ne
2007 356 2213 417 ubiubi

206 456 416 518 regum
441 434 808 495 desiderium
833 440 1012 503 esset,
1039 454 1239 517 regem
1280 433 1681 495 sacrificulum
1708 442 1931 497 creant.
2012 436 2083 497 Id
2116 456 2213 497 sa·

207 516 544 577 cerdotium
583 514 854 593 pontifici
906 515 1231 593 subjecere,
1270 535 1345 576 ne
1373 514 1615 575 additus
1640 515 1865 577 nomini
1889 516 2073 579 honos
2100 515 2212 577 ali-

203 594 359 677 quid
384 594 666 663 libertati,
709 596 881 673 cujus
907 600 1053 653 tunc
1079 593 1271 673 prima
1296 603 1423 655 erat
1450 614 1613 666 cura,
1642 595 1949 665 officeret3
1988 617 2059 655 ac
2101 616 2211 656 ne·-

206 675 354 743 scio,
379 696 477 743 an,
503 674 683 733 nimis
723 674 988 753 undique
1015 694 1147 735 eam
1187 674 1443 735 minimis
1468 695 1708 755 quoque
1739 677 1913 735 rebus
1941 676 2212 735 munien-

205 754 306 830 do,
333 754 574 817 modum
599 754 981 815 excesserint.
1063 753 1348 815 Consulis
1374 754 1535 826 enim
1560 754 1826 825 alteriuS,
1852 774 2035 835 quum
2064 754 2213 814 nihil

203 835 378 901 aliud
417 832 748 903 offenderit,
812 854 1028 895 nomen
1068 832 1327 893 invisum
1370 834 1596 901 civitati
1636 834 1769 895 fuit.
1888 847 1924 873 “
1942 833 2215 895 Nimium

209 911 577 993 Tarquinios
603 935 634 973 r
707 933 784 973 no
811 922 1086 975 assuesse
1111 934 1130 983 3
1169 912 1405 973 initium
1434 914 1468 977 εὶ
1496 914 1702 974 Prisco
1728 914 1972 975 factum.
2054 914 2213 995 Reg-

207 1014 390 1055 nasse
417 993 635 1073 deinde
707 993 938 1053 ervium
963 994 1235 1053 Tullium
1254 1014 1279 1063 .;
1321 1014 1396 1053 ne
1423 994 1739 1055 intervallo
1766 994 2007 1075 quidem
2036 993 2215 1064 facto,

204 1073 476 1143 oblitum,
494 1082 783 1152 tanquam
801 1072 998 1141 alieni,
1020 1072 1187 1155 regni
1212 1073 1542 1153 Superbum
1562 1074 1689 1134 Tar
1733 1075 2003 1144 uinium3
2046 1074 2213 1135 velut

1280 1152 1293 1165 ’
1691 1096 1901 1215 unlso
1930 1156 2215 1235 Superbe,

205 1238 397 1317 pe'ne‘s
425 1232 791 1293 Collatinum
828 1232 1141 1313 imperium
1171 1252 1339 1293 esse:
1402 1233 1658 1296 Nescire
1706 1234 2065 1326 Tarquinios
2093 1234 2213 1315 pri-

208 1320 385 1375 vatos
410 1314 612 1374 vivere
631 1334 654 1385 3
691 1316 812 1373 iion
840 1314 1078 1395 placere
1105 1334 1319 1374 nomen
1343 1334 1361 1384 3
1402 1314 1801 1394 periculosum
1830 1314 2093 1393 libertati
2119 1334 2215 1375 es·

209 1395 342 1457 ee.”
425 1394 546 1471 Hic
574 1394 763 1474 primo
789 1393 1014 1455 sensim
1044 1390 1404 1455 tentantium
1432 1393 1658 1455 animos
1686 1416 1879 1455 sermo
1900 1415 2009 1475 per
2030 1401 2217 1455 totam

209 1472 519 1535 civitatem
547 1477 640 1533 est
665 1474 862 1543 datus),
888 1473 1324 1567 sollicitamque
1366 1474 1701 1555 suspicione
1726 1475 1961 1552 plebem
1991 1474 2217 1533 Brutus

209 1554 291 1617 ad
321 1554 668 1615 concionem
695 1560 887 1615 vocat.
966 1552 1070 1613 Ibi·
1085 1573 1351 1613 omnium
1378 1552 1573 1634 primu
1584 1576 1639 1612 m
1660 1552 2085 1633 jusjurandum
2110 1573 2216 1634 po-

208 1634 341 1715 puli
368 1634 615 1695 recitat=
658 1646 694 1671 ‘⁶
714 1632 1038 1694 Neminem
1079 1654 1327 1715 regnare
1396 1652 1651 1701 assume,
1692 1652 1804 1693 nec
1833 1653 1964 1692 esse
1992 1634 2221 1703 Romoe,

207 1714 373 1774 unde
399 1714 734 1794 periculum
759 1713 1020 1773 libertati
1045 1712 1247 1785 foret„
1300 1655 1391 1773 ld³
1414 1720 1643 1773 summe
1670 1734 1781 1794 ope
1807 1713 2095 1773 tuendum
2122 1734 2218 1773 es·

207 1814 276 1855 se
298 1815 318 1865 3
385 1814 584 1875 neque
635 1793 824 1853 ullam
849 1812 994 1861 rem,
1045 1814 1184 1873 quae
1242 1793 1314 1853 eo
1340 1793 1655 1875 pertineat,
1702 1792 2219 1855 contemnendam.

207 1873 480 1937 Invitum
511 1894 576 1934 se
604 1872 808 1933 dicere
847 1871 1100 1933 hominis
1139 1878 1371 1944 causz-“13v
1428 1894 1541 1934 nec
1582 1874 1883 1935 dicturum
1923 1874 2128 1943 fuisse,
2154 1874 2221 1935 ni

209 1954 438 2015 caritas
462 1952 807 2035 reipublicae
837 1953 1124 2014 vinceret.
1232 1954 1375 2014 Non
1414 1954 1659 2015 credere
1684 1955 1970 2036 populum
2004 1956 2217 2013 Roma-

206 2033 377 2103 num,
404 2033 657 2098 solidam
683 2032 1017 2094 libertatem
1043 2041 1456 2115 recuperatam
1482 2054 1633 2093 esse.
1726 2034 1983 2115 Regium
2008 2053 2218 2114 genuS,

206 2113 440 2195 regium
465 2132 704 2183 nomen,
757 2130 877 2172 non
905 2112 1100 2172 solum
1139 2112 1202 2171 in
1228 2111 1494 2179 civitate,
1522 2113 1628 2171 sed
1678 2112 1862 2171 etiam.
1883 2113 1949 2170 in
1975 2112 2219 2193 imperio

204 2214 362 2255 esse.
403 2194 476 2253 Id
497 2192 753 2261 officere,
770 2191 834 2251 id
858 2194 1092 2253 'obstare
1108 2190 1391 2251 libertati.
1454 2191 1638 2249 Hunc
1660 2192 1797 2259 tu,”
1825 2190 2039 2269 inquit,
2060 2203 2095 2227 “
2110 2198 2221 2252 tua

207 2273 542 2343 voluntate,
569 2274 644 2333 L.
672 2271 987 2352 Tarquini,
1027 2292 1266 2331 remove
1306 2277 1553 2331 metum.
1631 2268 2042 2340 Meminimus,
2068 2268 2219 2333 fate-

206 2374 368 2424 mur,
389 2352 627 2436 ejecisti
651 2372 842 2434 regeS.
923 2352 1186 2411 Absolve
1212 2350 1783 2421 beneficiumhtuum.
1865 2351 2058 2411 Aufer
2084 2350 2220 2413 hinc

207 2432 440 2515 regium
469 2453 706 2494 nomen.
807 2432 930 2507 Res
956 2437 1094 2491 tuas
1119 2430 1227 2491 tibi
1257 2451 1373 2491 non
1422 2431 1617 2491 solum
1644 2432 1901 2492 reddent
1925 2430 2087 2491 cives
2112 2431 2224 2502 tui,

211 2522 458 2575 auctore
487 2533 620 2584 me3
689 2510 816 2581 sed,
840 2510 1079 2591 siquid
1097 2511 1287 2582 deest,
1316 2511 1595 2571 munifice
1622 2514 1943 2592 augebunt.
2052 2511 2221 2573 Ami-

30 2634 33 2653 ι
103 2658 114 2667 ‚
211 2614 322 2654 cus
351 2593 486 2664 abi3
528 2612 786 2662 exonera
813 2589 1118 2654 civitatem
1139 2592 1571 2653 vanoforsitan
1597 2599 1782 2653 metu.
1864 2592 1961 2653 Ita
1976 2614 2222 2674 persua-

212 2692 349 2734 sum
371 2681 466 2733 est
481 2672 714 2743 animis,
726 2692 867 2733 cum
883 2676 1061 2754 gente
1080 2672 1415 2752 Tarquinia
1437 2692 1681 2753 regnum
1698 2672 1837 2732 hinc
1860 2673 2221 2734 abiturum.”

215 2752 474 2813 consuli.
497 2752 689 2833 primo
712 2759 836 2815 tam
865 2760 1038 2815 novae
1066 2752 1153 2811 rei
1194 2772 1265 2813 ac
1294 2750 1507 2813 subitae
1550 2751 1863 2813 admiratio
1890 2752 2222 2815 incluserat

211 2853 442 2894 vocem.
551 2832 770 2895 Dicere
811 2830 1033 2894 deinde
1069 2829 1455 2913 incipientem
1494 2832 1780 2913 primores
1822 2830 2079 2895 civitatis
2107 2833 2222 2913 cir„-

215 2912 596 2983 cumsistunt,
638 2912 848 2985 eadem
889 2910 1096 2973 multis
1148 2912 1421 2992 precibus
1474 2919 1689 2982 orant3
1730 2919 1794 2972 et
1834 2913 2043 2975 caeteri
2084 2914 2221 2993 qui·

208 2992 351 3054 dem
378 2996 698 3057 movebant
726 2990 942 3056 minus.
1001 2992 1322 3073 Postquam
1348 2992 1450 3071 Sp.
1471 2990 1811 3062 Lucretius,
1835 2995 2019 3074 major
2040 3000 2223 3055 aetate

214 3092 286 3134 ac
315 3066 627 3155 dignitate,
656 3091 826 3133 socer
865 3076 1158 3153 praeterea
1182 3070 1389 3156 ipsine,
1415 3071 1591 3153 agere
1632 3072 1813 3143 varie,
1841 3074 2105 3154 rogando
2133 3074 2222 3132 al-

212 3152 404 3216 teruis
447 3152 892 3232 suadendoque,
934 3171 1026 3213 coe
1067 3152 1134 3223 it,
1196 3162 1265 3216 ut
1304 3151 1468 3214 vinci
1508 3171 1571 3213 se
1631 3172 1920 3214 consensu
1964 3150 2224 3211 civitatis

215 3238 523 3327 pateretur
547 3232 824 3301 ;.timens
854 3172 1083 3301 consui),
1110 3252 1186 3293 ne
1215 3230 1588 3313 postmodum
1614 3234 1847 3312 privato
1874 3230 1985 3291 sibi
2012 3232 2224 3292 eadem

214 3313 322 3373 illa
371 3330 514 3375 cum
551 3314 837 3372 bonorum
865 3312 1213 3382 amissione,
1240 3312 1565 3392 additaque
1605 3313 1723 3377 alia
1761 3312 2015 3389 insuper
2054 3310 2221 3394 igno-

214 3392 420 3461 minia,
447 3390 813 3461 acciderent,
839 3391 1137 3455 abdicavit
1154 3412 1223 3453 se
1246 3392 1559 3457 consulatu
1581 3413 1601 3465 ;
1641 3395 1935 3467 rebusque
1959 3389 2081 3449 suis
2098 3412 2226 3460 oin-s

218 3474 390 3533 nibus
411 3470 738 3534 Lavinium
760 3472 1064 3534 translatis
1087 3472 1329 3533 civitate
1353 3471 1552 3534 cessit.
1614 3472 1839 3531 Brutus
1857 3488 1932 3530 ex
1950 3478 2225 3533 senatus-

217 3554 494 3617 consulto
519 3552 602 3615 ad
645 3552 928 3633 populum
967 3552 1126 3625 tulit,
1153 3561 1223 3617 ut
1248 3572 1454 3615 omnes
1493 3546 1845 3627 Tarquiniae
1885 3550 2081 3632 gentis
2120 3570 2225 3633 πή

1025 3800 1062 3807 Δ-..
1073 3800 1114 3808 ...ι
