2400 4109
1015 129 1284 190 ⁴111131312
1310 129 1431 190 ΠΙ.
2104 126 2221 210 16⁷⁵

214 270 394 368 qixam
430 287 629 358 inulti,
675 288 948 369 praedam
982 309 1114 370 prae
1145 309 1211 350 se
1241 296 1509 370 agenteS‚
1552 293 1713 350 retro
1756 289 1831 350 ad
1862 291 2219 352 Corbionem

218 369 451 450 agmine
469 369 611 438 iere,
635 369 951 444 Quinctius
971 371 1176 430 consul
1199 371 1277 430 ad
1297 370 1643 430 concionem
1661 371 1945 452 populum
1963 373 2221 432 vocavit.

291 449 550 508 LXVII.
595 450 685 509 Ibi
733 449 795 508 in
840 451 994 508 hanc
1023 452 1380 510 sententiam
1408 452 1673 512 locutum
1716 451 1985 531 accipio:
2024 453 2219 512 “Etsi

207 528 352 588 mihi
392 530 624 588 nullius
645 549 816 588 noxae
847 530 1142 599 conscius,
1184 530 1466 605 Quirites,
1504 551 1661 600 sum,
1702 539 1905 592 tamen
1934 551 2070 591 cum
2102 551 2215 612 pu-

209 608 354 668 dore
383 629 612 670 summo
639 610 696 668 in
729 610 1075 670 concionem
1103 617 1361 670 vestram
1406 612 1692 692 processi.
1776 613 1909 671 Hoc
1951 633 2057 674 vos
2098 612 2216 671 sci-

205 709 294 758 re,
348 689 456 748 hoc
485 689 739 770 posteris
768 689 1068 750 memoriae
1109 691 1395 750 traditum
1421 692 1515 760 iri,
1558 693 1801 770 AEquos
1843 697 1904 751 et
1944 691 2216 762 VolscOS,

203 769 307 840 vix
353 769 634 830 Hernicis
674 771 852 829 modo
881 791 1070 850 pares„
1100 771 1176 829 T.
1206 770 1485 846 Quinctio
1514 773 1795 850 quartum
1824 771 2088 840 consule,
2135 773 2215 832 ad

205 849 434 922 moenia
473 851 635 910 urbis
678 852 884 921 Romae
934 852 1174 932 impune
1224 845 1498 912 armatos·
1525 852 1777 911 venisse.
1802 854 1849 916 -Ι-
1887 853 2064 912 Hanc
2108 871 2217 934 ego

205 927 592 1009 ignominiam
623 930 985 1008 (quanquam
1005 935 1134 1010 jam
1163 931 1267 990 diu
1306 930 1391 991 ita
1417 929 1658 999 vivitur,
1702 931 1755 990 is
1794 935 1989 991 status
2014 951 2217 992 rerum

207 1017 324 1078 est,
350 1015 421 1067 ut
460 1010 610 1068 nihil
635 1010 774 1070 boni
815 1010 1046 1070 divinet
1073 1011 1330 1092 animus)
1376 1011 1427 1070 si
1455 1011 1593 1070 huic
1618 1011 1993 1090 potissimum
2019 1007 2219 1071 immi-

193 1086 352 1163 nere
379 1106 536 1149 anno
565 1089 830 1159 scissem,
857 1091 954 1150 vel
984 1091 1212 1159 exsilio,
1238 1091 1336 1152 vel
1366 1097 1572 1160 morte,
1616 1090 1667 1149 si
1707 1091 1824 1150 alia
1848 1091 1988 1172 fuga
2026 1092 2216 1151 hono-

203 1168 290 1228 ris
317 1187 436 1228 non
465 1175 643 1238 esset,
694 1169 997 1230 vitfissem.
1077 1172 1255 1252 Ergo,
1304 1170 1353 1230 si
1382 1170 1493 1230 viri
1534 1191 1699 1231 amna
1721 1169 1825 1230 illa
1852 1171 2215 1240 habuissent,

203 1269 345 1328 quae
375 1248 436 1308 in
462 1249 653 1330 portis⁴
678 1249 846 1310 fuere
873 1249 1117 1319 nostrie,
1155 1251 1289 1331 capi
1320 1251 1511 1312 Roma
1550 1271 1645 1310 me
1674 1253 1919 1310 consule
1962 1253 2157 1331 potuit
2181 1254 2212 1311 ‘i'
2244 1317 2251 1322 ,

203 1327 348 1390 satis
389 1329 697 1400 honorum,
749 1331 894 1402 satis
949 1350 1247 1411 superque
1300 1331 1445 1391 vitae
1501 1337 1669 1391 erat=
1711 1332 1860 1390 mori
1906 1331 2215 1392 consulem

199 1411 447 1470 tertium
475 1410 794 1492 opportuit.
875 1411 1066 1486 Quem
1105 1411 1351 1471 tandem
1379 1410 1746 1492 ignavissimi
1780 1411 2039 1479 hostium
2069 1430 2214 1470 con-

198 1491 542 1570 tempsere?
585 1510 695 1550 nos
722 1491 1048 1551 consules?
1090 1510 1166 1550 an
1196 1495 1304 1550 v'os
1332 1491 1645 1566 Quirites}
1730 1491 1794 1550 Si
1818 1492 1995 1570 culpa
2015 1489 2077 1549 in
2106 1511 2213 1551 no-

200 1571 292 1630 bis
323 1576 436 1638 est,
477 1569 709 1631 auferte
735 1569 1049 1650 imperium
1089 1569 1393 1651 indignis3
1436 1577 1514 1640 et,
1558 1571 1609 1630 si
1637 1569 1695 1628 id
1726 1591 1942 1650 parum
1969 1577 2079 1638 est,
2120 1570 2215 1630 in-

195 1669 388 1730 super
427 1669 638 1729 poenas
665 1648 948 1730 expetite.
1030 1649 1094 1708 Si
1134 1649 1200 1709 in
1229 1651 1415 1719 vome,
1460 1669 1637 1710 nemo
1679 1651 1939 1708 Deorum
1968 1669 2081 1712 nec
2108 1651 2217 1710 ho-

193 1730 427 1790 minum
455 1729 552 1796 sit,
579 1729 684 1808 qui
711 1734 913 1790 vestra
939 1729 1148 1810 puniat
1167 1737 1447 1822 peccata,
1471 1729 1734 1804 Quirites
1757 1749 1778 1799 ;
1823 1736 2049 1792 vosmet
2076 1736 2213 1791 tan-

199 1813 336 1869 tum
376 1827 578 1868 eorum
608 1808 914 1890 poeniteat.
995 1809 1136 1870 Non
1163 1809 1258 1869 111i
1284 1816 1543 1872 vestram
1572 1809 1870 1891 ignaviam
1901 1816 2211 1891 contemp·-

197 1909 355 1958 eere,
386 1909 495 1950 nec
525 1908 650 1950 suae
683 1888 886 1950 virtuti
915 1890 1128 1950 confisi
1155 1897 1300 1952 sunt
1328 1911 1347 1962 ;
1390 1890 1608 1970 quippe
1634 1889 1815 1950 toties
1842 1888 1961 1950 fusi
1990 1890 2211 1971 fugati·

198 1989 338 2049 que,
381 1967 591 2034 castris
617 1969 802 2040 exuti,
842 1989 984 2108 agro
1011 1970 1318 2040 mulctati,
1349 1974 1459 2034 sub
1486 1973 1700 2051 jugum
1727 1969 1911 2039 missi,
1951 1976 2013 2030 et
2040 1991 2105 2030 se
2134 1976 2212 2042 et

193 2069 302 2110 vos
344 2069 580 2110 novere.
662 2049 876 2109 Discor
917 2050 980 2113 ia
1019 2049 1295 2110 ordinum
1336 2057 1427 2110 est
1454 2067 1752 2112 venenum
1794 2050 1957 2110 urbis
1982 2050 2161 2129 hujus
2190 2069 2214 2120 3

197 2131 445 2190 Petrum
487 2149 560 2189 ac
587 2129 780 2209 plebis
821 2130 1151 2190 certamina
1178 2150 1200 2188 ε,
1236 2129 1381 2189 dum
1421 2150 1535 2190 nec
1578 2129 1743 2190 uobis
1784 2129 2041 2209 imperii,
2092 2149 2211 2190 nec

197 2209 362 2270 vobis
389 2209 684 2271 libertatis
711 2217 808 2268 est
831 2208 1065 2278 moduS,
1107 2207 1249 2268 dum
1279 2209 1470 2270 taedet
1508 2229 1616 2268 vos
1654 2209 2060 2289 patriciorum,
2104 2209 2213 2287 hos

197 2291 565 2370 plebeiorum
591 2289 1064 2381 magistratuum,
1093 2288 1391 2348 sustulere
1412 2288 1502 2348 illi
1530 2287 1775 2348 animos·
1850 2289 1977 2350 Pro
2008 2289 2209 2354 Deum

197 2369 274 2432 fid
284 2391 398 2438 em,
415 2371 560 2450 quid
585 2372 751 2429 vobls
773 2367 960 2431 vultis
982 2369 1006 2428 P
1089 2367 1389 2428 Tribunos
1410 2367 1600 2448 plebis
1620 2369 1993 2450 concupistis
2013 2389 2032 2440 3
2060 2388 2174 2428 con
2188 2399 2215 2418 ο

197 2450 424 2510 cordiae
454 2456 640 2510 causa
667 2448 1091 2509 concessimus
1174 2447 1561 2510 Decemviros
1600 2447 2033 2519 desiderasti&
2076 2467 2211 2508 cre-

121 2595 126 2600 ,
195 2529 288 2592 ari
313 2529 472 2610 passi
501 2528 724 2590 sumus.
807 2529 1291 2590 Decemvirorum
1334 2547 1440 2588 vos
1482 2535 1805 2608 pertaesum
1834 2535 1965 2589 est:
2008 2527 2209 2612 coegi-

194 2629 332 2672 mus
355 2610 518 2670 abire
545 2608 914 2690 magistratu.
995 2609 1287 2670 Mane-nte
1313 2609 1377 2668 in
1405 2603 1647 2670 eosdem
1667 2609 1931 2691 privatos
1957 2609 2049 2670 ira
2072 2629 2209 2670 ves-

193 2695 314 2759 tra,
364 2690 513 2750 mori
539 2699 721 2770 atque
750 2689 1024 2750 exsulare
1063 2687 1462 2750 nobilissimos
1490 2689 1647 2750 viros
1694 2689 2207 2750 honoratissimos-
2247 2721 2253 2728 -

190 2791 314 2851 que
341 2770 503 2852 passi
531 2789 753 2832 sumus.
835 2769 1136 2830 Tribunos
1163 2769 1356 2850 plebis
1398 2790 1601 2830 creare
1627 2768 1846 2830 iterum
1886 2771 2159 2831 voluistis
2182 2769 2213 2840 3'
2278 2821 2311 2834 μ,

195 2851 468 2910 creastis.
549 2847 848 2910 Consules
875 2849 1084 2910 facere-
1103 2855 1437 2910 vestrarum
1478 2848 1755 2929 partium,
1783 2848 1898 2910 etsi
1926 2851 2207 2910 Patribus

193 2931 542 2992 videbamus
583 2928 897 3008 iniquum3
938 2929 1257 3009 patricium
1311 2949 1549 3019 quoque
1589 2929 2000 3010 magistratum
2040 2926 2207 3010 plebi

193 3011 436 3086 domum
465 3010 598 3072 fieri
623 3009 882 3070 vidimus
905 3028 924 3080 3
967 3006 1253 3070 auxilium
1280 3007 1679 3079 tribunicium,
1700 3010 2205 3090 provocationem

197 3089 276 3154 ad
329 3091 631 3170 populum,
686 3089 840 3150 scita
885 3087 1074 3171 plebis
1127 3089 1401 3170 injuncta
1451 3089 1775 3160 Patribus;
1862 3093 1971 3149 sub
2024 3087 2202 3146 titulo

192 3169 621 3250 aequandarum
659 3171 879 3252 legum,
926 3173 1131 3241 nostra
1163 3171 1305 3249 jura
1344 3189 1627 3250 oppressa
1666 3170 1914 3230 tulimus
1956 3174 2019 3226 et
2057 3165 2203 3226 feri-

193 3270 355 3310 mus«
374 3274 395 3309 τ
426 3251 549 3324 Qui
576 3249 714 3310 finis
743 3250 859 3310 erit
885 3249 1317 3310 discordiarum
1341 3249 1367 3308 P
1446 3249 1775 3329 Ecquando
1796 3267 1976 3308 unam
1994 3248 2202 3306 urbem

190 3327 426 3400 habere,
497 3331 810 3410 ecquando
851 3349 1219 3390 communem
1277 3328 1429 3392 hanc
1485 3349 1616 3392 esse
1657 3323 2153 3408 patriamflicebit
2174 3325 2203 3383 P

191 3409 358 3470 Victi
398 3410 510 3473 nos
561 3410 824 3490 aequi‘ore
871 3410 1070 3470 animo
1123 3408 1485 3490 quescimus,
1539 3409 1721 3488 quam
1774 3424 1879 3464 vos
1922 3404 2202 3474 victores,

194 3489 432 3550 Satisne
459 3498 571 3560 est,
588 3489 758 3556 nobis
776 3509 882 3550 vos
901 3490 1257 3555 metuendos
1276 3490 1454 3550 esse?
1534 3487 1843 3548 Adversus
1864 3502 1973 3544 nos
1993 3487 2199 3545 Aven-

192 3570 391 3630 tinum
419 3571 670 3652 capitur,
699 3570 990 3630 adversus
1015 3589 1124 3630 nos
1154 3570 1339 3628 Sacer
1364 3572 1693 3644 occupatur
1712 3582 1899 3622 mons.
1979 3564 2202 3642 Esqui-

193 3649 306 3710 lias
333 3651 578 3730 quidem
605 3653 680 3710 ab
705 3650 877 3710 hoste
904 3668 1086 3730 prope
1115 3655 1341 3728 captas,
1385 3652 1445 3705 et
1488 3641 1874 3702 scandentem
1916 3641 2004 3732 in·
2020 3659 2203 3719 agge-

191 3749 322 3790 rem
351 3731 358 3733 ”
377 3732 664 3792 Volscum
703 3729 935 3810 hostem
973 3747 1152 3790 nemo
1177 3723 1514 3796 submovit5
1552 3719 1619 3778 in
1657 3737 1765 3780 nos
1803 3717 1937 3790 viri,
1986 3737 2053 3780 m
2090 3729 2207 3774 nos
2270 3797 2273 3800 ἦ

197 3809 412 3876 armati
439 3809 606 3878 estis.

976 3967 1000 3982 χ

2380 2423 2385 2456 1
