<?xml version="1.0" encoding="UTF-8"?>
<!DOCTYPE html PUBLIC "-//W3C//DTD XHTML 1.0 Transitional//EN"
    "http://www.w3.org/TR/xhtml1/DTD/xhtml1-transitional.dtd">
<html xmlns="http://www.w3.org/1999/xhtml" xml:lang="en" lang="en">
 <head>
  <title>
</title>
<meta http-equiv="Content-Type" content="text/html;charset=utf-8" />
  <meta name='ocr-system' content='tesseract 3.04.00' />
  <meta name='ocr-capabilities' content='ocr_page ocr_carea ocr_par ocr_line ocrx_word'/>
</head>
<body>
  <div class='ocr_page' id='page_1' title='image "./titiliviipatavi00livigoog_0240.png"; bbox 0 0 2400 4109; ppageno 0'>
   <div class='ocr_carea' id='block_1_1' title="bbox 55 947 2364 1031">
    <p class='ocr_par' dir='ltr' id='par_1_1' title="bbox 55 947 2364 1031">
     <span class='ocr_line' id='line_1_1' title="bbox 55 947 2364 1031; baseline -0.005 -16"><span class='ocrx_word' id='word_1_1' title='bbox 55 947 66 955; x_wconf 64' lang='grc'><strong><em>’</em></strong></span> <span class='ocrx_word' id='word_1_2' title='bbox 151 972 161 976; x_wconf 82' lang='grc'>·</span> <span class='ocrx_word' id='word_1_3' title='bbox 277 950 647 1031; x_wconf 74' lang='lat' dir='ltr'><strong>praeferrent.</strong></span> <span class='ocrx_word' id='word_1_4' title='bbox 727 950 951 1010; x_wconf 81' lang='lat' dir='ltr'><strong>Furore</strong></span> <span class='ocrx_word' id='word_1_5' title='bbox 979 969 1182 1010; x_wconf 83' lang='lat' dir='ltr'><strong>omnes</strong></span> <span class='ocrx_word' id='word_1_6' title='bbox 1208 949 1433 1011; x_wconf 86' lang='lat' dir='ltr'><strong>tribuni</strong></span> <span class='ocrx_word' id='word_1_7' title='bbox 1464 948 1668 1029; x_wconf 87' lang='lat' dir='ltr'><strong>plebis,</strong></span> <span class='ocrx_word' id='word_1_8' title='bbox 1694 953 1835 1010; x_wconf 85' lang='lat' dir='ltr'><strong>ante</strong></span> <span class='ocrx_word' id='word_1_9' title='bbox 1860 968 2067 1008; x_wconf 91' lang='lat' dir='ltr'><strong>omnes</strong></span> <span class='ocrx_word' id='word_1_10' title='bbox 2094 949 2261 1006; x_wconf 92' lang='lat' dir='ltr'><strong>Pom·</strong></span> <span class='ocrx_word' id='word_1_11' title='bbox 2362 965 2364 970; x_wconf 89' lang='lat'>·</span> 
     </span>
    </p>
   </div>
   <div class='ocr_carea' id='block_1_2' title="bbox 165 300 2365 951">
    <p class='ocr_par' dir='ltr' id='par_1_2' title="bbox 165 300 2361 792">
     <span class='ocr_line' id='line_1_2' title="bbox 349 300 2249 394; baseline -0.004 -20"><span class='ocrx_word' id='word_1_12' title='bbox 349 313 573 374; x_wconf 84' lang='lat' dir='ltr'>XLIV.</span> <span class='ocrx_word' id='word_1_13' title='bbox 637 312 986 376; x_wconf 84' lang='lat' dir='ltr'><strong>Tribuni-cia</strong></span> <span class='ocrx_word' id='word_1_14' title='bbox 1027 313 1283 394; x_wconf 71' lang='lat' dir='ltr'><strong>primum</strong></span> <span class='ocrx_word' id='word_1_15' title='bbox 1326 311 1565 373; x_wconf 83' lang='lat' dir='ltr'><strong>comitia</strong></span> <span class='ocrx_word' id='word_1_16' title='bbox 1614 319 1755 372; x_wconf 81' lang='lat' dir='ltr'><strong>sunt</strong></span> <span class='ocrx_word' id='word_1_17' title='bbox 1792 305 2029 380; x_wconf 77' lang='lat' dir='ltr'><strong>habita3</strong></span> <span class='ocrx_word' id='word_1_18' title='bbox 2070 300 2249 370; x_wconf 78' lang='lat' dir='ltr'><strong>creati</strong></span> 
     </span>
     <span class='ocr_line' id='line_1_3' title="bbox 271 388 2253 476; baseline -0.005 -21"><span class='ocrx_word' id='word_1_19' title='bbox 271 393 494 455; x_wconf 71' lang='lat' dir='ltr'><strong>tribuni</strong></span> <span class='ocrx_word' id='word_1_20' title='bbox 514 393 812 454; x_wconf 86' lang='lat' dir='ltr'><strong>consulari</strong></span> <span class='ocrx_word' id='word_1_21' title='bbox 837 399 1131 476; x_wconf 84' lang='lat' dir='ltr'><strong>potestate</strong></span> <span class='ocrx_word' id='word_1_22' title='bbox 1158 411 1366 452; x_wconf 90' lang='lat' dir='ltr'><strong>omnes</strong></span> <span class='ocrx_word' id='word_1_23' title='bbox 1392 391 1643 472; x_wconf 81' lang='lat' dir='ltr'><strong>patricii,</strong></span> <span class='ocrx_word' id='word_1_24' title='bbox 1666 393 1742 452; x_wconf 88' lang='lat' dir='ltr'><strong>L.</strong></span> <span class='ocrx_word' id='word_1_25' title='bbox 1768 389 2085 467; x_wconf 80' lang='lat' dir='ltr'><strong>Quinctius</strong></span> <span class='ocrx_word' id='word_1_26' title='bbox 2112 388 2253 447; x_wconf 87' lang='lat' dir='ltr'><strong>Cin-</strong></span> 
     </span>
     <span class='ocr_line' id='line_1_4' title="bbox 271 467 2361 542; baseline -0.004 -9"><span class='ocrx_word' id='word_1_27' title='bbox 271 473 549 534; x_wconf 77' lang='lat' dir='ltr'><strong>cinnatus</strong></span> <span class='ocrx_word' id='word_1_28' title='bbox 575 473 841 542; x_wconf 71' lang='lat' dir='ltr'><strong>tertium,</strong></span> <span class='ocrx_word' id='word_1_29' title='bbox 869 473 943 531; x_wconf 94' lang='lat' dir='ltr'><strong>L.</strong></span> <span class='ocrx_word' id='word_1_30' title='bbox 970 471 1183 532; x_wconf 86' lang='lat' dir='ltr'><strong>Furius</strong></span> <span class='ocrx_word' id='word_1_31' title='bbox 1204 471 1588 536; x_wconf 84' lang='lat' dir='ltr'><strong>Medullinus</strong></span> <span class='ocrx_word' id='word_1_32' title='bbox 1607 471 1842 540; x_wconf 83' lang='lat' dir='ltr'><strong>iterum,</strong></span> <span class='ocrx_word' id='word_1_33' title='bbox 1862 471 1951 530; x_wconf 90' lang='lat' dir='ltr'><strong>M.</strong></span> <span class='ocrx_word' id='word_1_34' title='bbox 1972 467 2255 536; x_wconf 86' lang='lat' dir='ltr'><strong>Manlius,</strong></span> <span class='ocrx_word' id='word_1_35' title='bbox 2359 473 2361 478; x_wconf 83' lang='grc'><strong>’</strong></span> 
     </span>
     <span class='ocr_line' id='line_1_5' title="bbox 273 550 2360 634; baseline -0.003 -20"><span class='ocrx_word' id='word_1_36' title='bbox 273 555 352 614; x_wconf 76' lang='grc' dir='ltr'><strong>Α.</strong></span> <span class='ocrx_word' id='word_1_37' title='bbox 381 552 760 634; x_wconf 83' lang='lat' dir='ltr'><strong>Sempronius</strong></span> <span class='ocrx_word' id='word_1_38' title='bbox 788 551 1121 614; x_wconf 78' lang='lat' dir='ltr'><strong>Atratinus.</strong></span> <span class='ocrx_word' id='word_1_39' title='bbox 1202 552 1337 611; x_wconf 90' lang='lat' dir='ltr'><strong>Hoc</strong></span> <span class='ocrx_word' id='word_1_40' title='bbox 1363 550 1602 614; x_wconf 87' lang='lat' dir='ltr'><strong>tribuno</strong></span> <span class='ocrx_word' id='word_1_41' title='bbox 1639 551 1877 611; x_wconf 88' lang='lat' dir='ltr'><strong>comitia</strong></span> <span class='ocrx_word' id='word_1_42' title='bbox 1902 557 2256 629; x_wconf 73' lang='lat' dir='ltr'><strong>quaestorum</strong></span> <span class='ocrx_word' id='word_1_43' title='bbox 2354 553 2360 558; x_wconf 87' lang='lat'>&#39;</span> 
     </span>
     <span class='ocr_line' id='line_1_6' title="bbox 271 625 2359 714; baseline -0.004 -22"><span class='ocrx_word' id='word_1_44' title='bbox 271 631 544 702; x_wconf 83' lang='lat' dir='ltr'><strong>habente,</strong></span> <span class='ocrx_word' id='word_1_45' title='bbox 584 632 1041 714; x_wconf 80' lang='lat' dir='ltr'><strong>petentibusque</strong></span> <span class='ocrx_word' id='word_1_46' title='bbox 1082 630 1241 691; x_wconf 85' lang='lat' dir='ltr'><strong>inter</strong></span> <span class='ocrx_word' id='word_1_47' title='bbox 1268 632 1498 710; x_wconf 80' lang='lat' dir='ltr'><strong>aliquot</strong></span> <span class='ocrx_word' id='word_1_48' title='bbox 1541 631 1801 712; x_wconf 87' lang='lat' dir='ltr'><strong>plebeios</strong></span> <span class='ocrx_word' id='word_1_49' title='bbox 1842 629 1965 690; x_wconf 89' lang='lat' dir='ltr'><strong>filio</strong></span> <span class='ocrx_word' id='word_1_50' title='bbox 2011 625 2255 689; x_wconf 81' lang='lat' dir='ltr'><strong>Antistii</strong></span> <span class='ocrx_word' id='word_1_51' title='bbox 2357 633 2359 640; x_wconf 88' lang='lat'>&#39;</span> 
     </span>
     <span class='ocr_line' id='line_1_7' title="bbox 165 709 2259 792; baseline -0.003 -21"><span class='ocrx_word' id='word_1_52' title='bbox 165 775 169 781; x_wconf 63' lang='grc'><strong>,</strong></span> <span class='ocrx_word' id='word_1_53' title='bbox 231 711 501 789; x_wconf 56' lang='lat' dir='ltr'><strong>„tribuni</strong></span> <span class='ocrx_word' id='word_1_54' title='bbox 579 711 788 792; x_wconf 88' lang='lat' dir='ltr'><strong>plebis,</strong></span> <span class='ocrx_word' id='word_1_55' title='bbox 869 716 934 772; x_wconf 89' lang='lat' dir='ltr'><strong>et</strong></span> <span class='ocrx_word' id='word_1_56' title='bbox 1009 709 1195 770; x_wconf 89' lang='lat' dir='ltr'><strong>fratre</strong></span> <span class='ocrx_word' id='word_1_57' title='bbox 1250 711 1497 770; x_wconf 89' lang='lat' dir='ltr'><strong>alterius</strong></span> <span class='ocrx_word' id='word_1_58' title='bbox 1565 709 1787 772; x_wconf 87' lang='lat' dir='ltr'><strong>tribuni</strong></span> <span class='ocrx_word' id='word_1_59' title='bbox 1856 709 2045 790; x_wconf 89' lang='lat' dir='ltr'><strong>plebis</strong></span> <span class='ocrx_word' id='word_1_60' title='bbox 2128 711 2259 768; x_wconf 83' lang='lat' dir='ltr'><strong>Sex.</strong></span> 
     </span>
    </p>

    <p class='ocr_par' dir='ltr' id='par_1_3' title="bbox 223 787 2365 951">
     <span class='ocr_line' id='line_1_8' title="bbox 275 787 2361 880; baseline -0.004 -28"><span class='ocrx_word' id='word_1_61' title='bbox 275 791 570 872; x_wconf 84' lang='lat' dir='ltr'><strong>Pompilii,</strong></span> <span class='ocrx_word' id='word_1_62' title='bbox 607 811 718 850; x_wconf 89' lang='lat' dir='ltr'><strong>nec</strong></span> <span class='ocrx_word' id='word_1_63' title='bbox 741 796 1022 871; x_wconf 63' lang='lat' dir='ltr'><strong>potestate,</strong></span> <span class='ocrx_word' id='word_1_64' title='bbox 1063 791 1176 850; x_wconf 84' lang='lat' dir='ltr'><strong>nec</strong></span> <span class='ocrx_word' id='word_1_65' title='bbox 1219 789 1558 871; x_wconf 85' lang='lat' dir='ltr'><strong>suffragatio</strong></span> <span class='ocrx_word' id='word_1_66' title='bbox 1596 791 1805 850; x_wconf 84' lang='lat' dir='ltr'><strong>horum</strong></span> <span class='ocrx_word' id='word_1_67' title='bbox 1844 789 2053 858; x_wconf 84' lang='lat' dir='ltr'><strong>valuit,</strong></span> <span class='ocrx_word' id='word_1_68' title='bbox 2096 787 2253 880; x_wconf 83' lang='lat' dir='ltr'><strong>quin,</strong></span> <span class='ocrx_word' id='word_1_69' title='bbox 2357 790 2361 845; x_wconf 73' lang='grc'><strong>’.</strong></span> 
     </span>
     <span class='ocr_line' id='line_1_9' title="bbox 223 861 2365 951; baseline -0.005 -21"><span class='ocrx_word' id='word_1_70' title='bbox 223 912 228 917; x_wconf 85' lang='lat'><strong>.</strong></span> <span class='ocrx_word' id='word_1_71' title='bbox 279 890 530 951; x_wconf 89' lang='lat' dir='ltr'><strong>quorum</strong></span> <span class='ocrx_word' id='word_1_72' title='bbox 570 871 784 931; x_wconf 86' lang='lat' dir='ltr'><strong>Patres</strong></span> <span class='ocrx_word' id='word_1_73' title='bbox 823 889 1082 950; x_wconf 77' lang='lat' dir='ltr'><strong>avosque</strong></span> <span class='ocrx_word' id='word_1_74' title='bbox 1117 870 1403 931; x_wconf 86' lang='lat' dir='ltr'><strong>consules</strong></span> <span class='ocrx_word' id='word_1_75' title='bbox 1443 869 1739 938; x_wconf 87' lang='lat' dir='ltr'><strong>viderant,</strong></span> <span class='ocrx_word' id='word_1_76' title='bbox 1796 886 1897 944; x_wconf 85' lang='lat' dir='ltr'><strong>eos</strong></span> <span class='ocrx_word' id='word_1_77' title='bbox 1958 868 2257 928; x_wconf 75' lang='lat' dir='ltr'><strong>nobihtate</strong></span> <span class='ocrx_word' id='word_1_78' title='bbox 2349 861 2365 920; x_wconf 76' lang='lat' dir='ltr'><strong>l</strong></span> 
     </span>
    </p>
   </div>
   <div class='ocr_carea' id='block_1_3' title="bbox 265 100 2365 272">
    <p class='ocr_par' dir='ltr' id='par_1_4' title="bbox 265 0 2365 272">
     <span class='ocr_line' id='line_1_10' title="bbox 265 100 2365 272; baseline -0.002 -57"><span class='ocrx_word' id='word_1_79' title='bbox 265 155 384 215; x_wconf 58' lang='grc' dir='ltr'><strong>κοῦ</strong></span> <span class='ocrx_word' id='word_1_80' title='bbox 476 100 488 110; x_wconf 57' lang='grc'><strong>’</strong></span> <span class='ocrx_word' id='word_1_81' title='bbox 919 102 934 117; x_wconf 58' lang='grc'><strong>’</strong></span> <span class='ocrx_word' id='word_1_82' title='bbox 1091 151 1172 214; x_wconf 71' lang='grc' dir='ltr'><strong>τ.</strong></span> <span class='ocrx_word' id='word_1_83' title='bbox 1198 130 1414 214; x_wconf 72' lang='lat' dir='ltr'><strong>mvn</strong></span> <span class='ocrx_word' id='word_1_84' title='bbox 2359 173 2365 272; x_wconf 62' lang='lat'>4</span> 
     </span>
    </p>
   </div>
   <div class='ocr_carea' id='block_1_4' title="bbox 253 1024 2365 2065">
    <p class='ocr_par' dir='ltr' id='par_1_5' title="bbox 253 1024 2365 2065">
     <span class='ocr_line' id='line_1_11' title="bbox 279 1024 2265 1110; baseline -0.002 -23"><span class='ocrx_word' id='word_1_85' title='bbox 279 1029 460 1110; x_wconf 86' lang='lat' dir='ltr'><strong>pilius</strong></span> <span class='ocrx_word' id='word_1_86' title='bbox 503 1028 943 1109; x_wconf 81' lang='lat' dir='ltr'><strong>Antistiusque,</strong></span> <span class='ocrx_word' id='word_1_87' title='bbox 967 1030 1211 1110; x_wconf 70' lang='lat' dir='ltr'><strong>repulsa</strong></span> <span class='ocrx_word' id='word_1_88' title='bbox 1249 1049 1489 1089; x_wconf 80' lang='lat' dir='ltr'><strong>suorum</strong></span> <span class='ocrx_word' id='word_1_89' title='bbox 1516 1029 1775 1097; x_wconf 83' lang='lat' dir='ltr'><strong>accensi,</strong></span> <span class='ocrx_word' id='word_1_90' title='bbox 1814 1040 1851 1065; x_wconf 87' lang='lat'><strong>“</strong></span> <span class='ocrx_word' id='word_1_91' title='bbox 1870 1027 2167 1104; x_wconf 79' lang='lat' dir='ltr'><strong>Quidnam</strong></span> <span class='ocrx_word' id='word_1_92' title='bbox 2204 1024 2265 1084; x_wconf 78' lang='lat' dir='ltr'><strong>id</strong></span> 
     </span>
     <span class='ocr_line' id='line_1_12' title="bbox 279 1105 2265 1190; baseline -0.002 -22"><span class='ocrx_word' id='word_1_93' title='bbox 279 1108 367 1168; x_wconf 85' lang='lat' dir='ltr'><strong>rei</strong></span> <span class='ocrx_word' id='word_1_94' title='bbox 390 1109 593 1168; x_wconf 83' lang='lat' dir='ltr'><strong>esset?</strong></span> <span class='ocrx_word' id='word_1_95' title='bbox 619 1128 752 1168; x_wconf 84' lang='lat' dir='ltr'><strong>non</strong></span> <span class='ocrx_word' id='word_1_96' title='bbox 777 1105 898 1168; x_wconf 91' lang='lat' dir='ltr'><strong>suis</strong></span> <span class='ocrx_word' id='word_1_97' title='bbox 923 1107 1249 1178; x_wconf 81' lang='lat' dir='ltr'><strong>beneficiiS,</strong></span> <span class='ocrx_word' id='word_1_98' title='bbox 1290 1129 1409 1169; x_wconf 91' lang='lat' dir='ltr'><strong>non</strong></span> <span class='ocrx_word' id='word_1_99' title='bbox 1436 1111 1683 1168; x_wconf 87' lang='lat' dir='ltr'><strong>Patrum</strong></span> <span class='ocrx_word' id='word_1_100' title='bbox 1724 1108 1975 1190; x_wconf 79' lang='lat' dir='ltr'><strong>injuriiS,</strong></span> <span class='ocrx_word' id='word_1_101' title='bbox 2002 1124 2125 1166; x_wconf 89' lang='lat' dir='ltr'><strong>non</strong></span> <span class='ocrx_word' id='word_1_102' title='bbox 2168 1106 2265 1164; x_wconf 90' lang='lat' dir='ltr'><strong>de-</strong></span> 
     </span>
     <span class='ocr_line' id='line_1_13' title="bbox 277 1186 2269 1268; baseline -0.001 -23"><span class='ocrx_word' id='word_1_103' title='bbox 277 1187 464 1267; x_wconf 89' lang='lat' dir='ltr'><strong>nique</strong></span> <span class='ocrx_word' id='word_1_104' title='bbox 489 1189 816 1268; x_wconf 88' lang='lat' dir='ltr'><strong>usurpandi</strong></span> <span class='ocrx_word' id='word_1_105' title='bbox 838 1187 1106 1257; x_wconf 80' lang='lat' dir='ltr'><strong>libidine,</strong></span> <span class='ocrx_word' id='word_1_106' title='bbox 1147 1205 1330 1266; x_wconf 88' lang='lat' dir='ltr'><strong>quum</strong></span> <span class='ocrx_word' id='word_1_107' title='bbox 1358 1188 1558 1257; x_wconf 87' lang='lat' dir='ltr'><strong>liceat,</strong></span> <span class='ocrx_word' id='word_1_108' title='bbox 1580 1187 1744 1266; x_wconf 87' lang='lat' dir='ltr'><strong>quod</strong></span> <span class='ocrx_word' id='word_1_109' title='bbox 1774 1189 1913 1247; x_wconf 70' lang='lat' dir='ltr'><strong>ante</strong></span> <span class='ocrx_word' id='word_1_110' title='bbox 1939 1207 2061 1246; x_wconf 88' lang='lat' dir='ltr'><strong>non</strong></span> <span class='ocrx_word' id='word_1_111' title='bbox 2088 1186 2269 1245; x_wconf 89' lang='lat' dir='ltr'><strong>licue-</strong></span> 
     </span>
     <span class='ocr_line' id='line_1_14' title="bbox 280 1267 2357 1366; baseline -0.001 -39"><span class='ocrx_word' id='word_1_112' title='bbox 280 1267 380 1335; x_wconf 85' lang='lat' dir='ltr'><strong>rit,</strong></span> <span class='ocrx_word' id='word_1_113' title='bbox 403 1267 454 1326; x_wconf 90' lang='lat' dir='ltr'><strong>si</strong></span> <span class='ocrx_word' id='word_1_114' title='bbox 480 1287 602 1328; x_wconf 86' lang='lat' dir='ltr'><strong>non</strong></span> <span class='ocrx_word' id='word_1_115' title='bbox 622 1267 921 1328; x_wconf 81' lang='lat' dir='ltr'><strong>tribunum</strong></span> <span class='ocrx_word' id='word_1_116' title='bbox 943 1267 1279 1336; x_wconf 83' lang='lat' dir='ltr'><strong>militarem,</strong></span> <span class='ocrx_word' id='word_1_117' title='bbox 1301 1287 1377 1327; x_wconf 92' lang='lat' dir='ltr'><strong>ne</strong></span> <span class='ocrx_word' id='word_1_118' title='bbox 1404 1273 1763 1346; x_wconf 88' lang='lat' dir='ltr'><strong>quaestorem</strong></span> <span class='ocrx_word' id='word_1_119' title='bbox 1791 1267 2034 1366; x_wconf 75' lang='lat' dir='ltr'><strong>quidem</strong></span> <span class='ocrx_word' id='word_1_120' title='bbox 2066 1282 2267 1344; x_wconf 82' lang='lat' dir='ltr'><strong>quem·-</strong></span> <span class='ocrx_word' id='word_1_121' title='bbox 2354 1277 2357 1298; x_wconf 44' lang='lat' dir='ltr'>fl</span> 
     </span>
     <span class='ocr_line' id='line_1_15' title="bbox 267 1299 2359 1427; baseline -0.002 -21"><span class='ocrx_word' id='word_1_122' title='bbox 267 1360 459 1426; x_wconf 66' lang='lat' dir='ltr'><strong>‘quam</strong></span> <span class='ocrx_word' id='word_1_123' title='bbox 481 1366 555 1406; x_wconf 84' lang='lat' dir='ltr'><strong>ex</strong></span> <span class='ocrx_word' id='word_1_124' title='bbox 580 1348 752 1427; x_wconf 89' lang='lat' dir='ltr'><strong>plebe</strong></span> <span class='ocrx_word' id='word_1_125' title='bbox 779 1343 998 1406; x_wconf 79' lang='lat' dir='ltr'><strong>factum</strong></span> <span class='ocrx_word' id='word_1_126' title='bbox 1022 1367 1041 1416; x_wconf 82' lang='lat'><em>3</em></span> <span class='ocrx_word' id='word_1_127' title='bbox 1081 1365 1202 1406; x_wconf 89' lang='lat' dir='ltr'><strong>non</strong></span> <span class='ocrx_word' id='word_1_128' title='bbox 1228 1345 1487 1406; x_wconf 84' lang='lat' dir='ltr'><strong>valuisse</strong></span> <span class='ocrx_word' id='word_1_129' title='bbox 1515 1346 1703 1427; x_wconf 85' lang='lat' dir='ltr'><strong>patris</strong></span> <span class='ocrx_word' id='word_1_130' title='bbox 1744 1366 1851 1426; x_wconf 89' lang='lat' dir='ltr'><strong>pro</strong></span> <span class='ocrx_word' id='word_1_131' title='bbox 1880 1345 2024 1414; x_wconf 92' lang='lat' dir='ltr'><strong>filio,</strong></span> <span class='ocrx_word' id='word_1_132' title='bbox 2069 1343 2268 1406; x_wconf 64' lang='lat' dir='ltr'><strong>fratri}</strong></span> <span class='ocrx_word' id='word_1_133' title='bbox 2354 1299 2359 1410; x_wconf 63' lang='lat' dir='ltr'><strong>l</strong></span> 
     </span>
     <span class='ocr_line' id='line_1_16' title="bbox 283 1424 2360 1506; baseline -0.002 -21"><span class='ocrx_word' id='word_1_134' title='bbox 283 1447 391 1506; x_wconf 89' lang='lat' dir='ltr'><strong>pro</strong></span> <span class='ocrx_word' id='word_1_135' title='bbox 419 1425 604 1486; x_wconf 87' lang='lat' dir='ltr'><strong>fratre</strong></span> <span class='ocrx_word' id='word_1_136' title='bbox 629 1446 858 1506; x_wconf 87' lang='lat' dir='ltr'><strong>preces,</strong></span> <span class='ocrx_word' id='word_1_137' title='bbox 899 1425 1266 1486; x_wconf 89' lang='lat' dir='ltr'><strong>tribunorum</strong></span> <span class='ocrx_word' id='word_1_138' title='bbox 1293 1425 1502 1506; x_wconf 88' lang='lat' dir='ltr'><strong>plebis,</strong></span> <span class='ocrx_word' id='word_1_139' title='bbox 1528 1424 1841 1504; x_wconf 84' lang='lat' dir='ltr'><strong>potestatis</strong></span> <span class='ocrx_word' id='word_1_140' title='bbox 1859 1429 2275 1492; x_wconf 71' lang='lat' dir='ltr'><strong>sacrosanctae,</strong></span> <span class='ocrx_word' id='word_1_141' title='bbox 2357 1433 2360 1466; x_wconf 72' lang='grc' dir='ltr'><strong><em>ἐ</em></strong></span> 
     </span>
     <span class='ocr_line' id='line_1_17' title="bbox 287 1485 2360 1585; baseline -0.002 -19"><span class='ocrx_word' id='word_1_142' title='bbox 287 1505 393 1566; x_wconf 85' lang='lat' dir='ltr'><strong>ad-</strong></span> <span class='ocrx_word' id='word_1_143' title='bbox 413 1505 698 1566; x_wconf 81' lang='lat' dir='ltr'><strong>auxilium</strong></span> <span class='ocrx_word' id='word_1_144' title='bbox 736 1504 1028 1566; x_wconf 85' lang='lat' dir='ltr'><strong>libertatis</strong></span> <span class='ocrx_word' id='word_1_145' title='bbox 1070 1510 1309 1565; x_wconf 85' lang='lat' dir='ltr'><strong>creatae.</strong></span> <span class='ocrx_word' id='word_1_146' title='bbox 1349 1505 1645 1566; x_wconf 86' lang='lat' dir='ltr'><strong>Fraudem</strong></span> <span class='ocrx_word' id='word_1_147' title='bbox 1692 1503 1961 1585; x_wconf 71' lang='lat' dir='ltr'><strong>profecto</strong></span> <span class='ocrx_word' id='word_1_148' title='bbox 1988 1503 2051 1562; x_wconf 92' lang='lat' dir='ltr'><strong>in</strong></span> <span class='ocrx_word' id='word_1_149' title='bbox 2094 1525 2159 1564; x_wconf 90' lang='lat' dir='ltr'><strong>re</strong></span> <span class='ocrx_word' id='word_1_150' title='bbox 2186 1523 2274 1564; x_wconf 86' lang='lat' dir='ltr'><strong>es·</strong></span> <span class='ocrx_word' id='word_1_151' title='bbox 2356 1485 2360 1530; x_wconf 40' lang='grc' dir='ltr'><strong><em>Ἰ</em></strong></span> 
     </span>
     <span class='ocr_line' id='line_1_18' title="bbox 253 1581 2358 1676; baseline -0.002 -30"><span class='ocrx_word' id='word_1_152' title='bbox 253 1613 260 1620; x_wconf 89' lang='grc'><em>·</em></span> <span class='ocrx_word' id='word_1_153' title='bbox 289 1605 374 1654; x_wconf 73' lang='lat' dir='ltr'><strong>se,</strong></span> <span class='ocrx_word' id='word_1_154' title='bbox 412 1592 481 1646; x_wconf 87' lang='lat' dir='ltr'><strong>et</strong></span> <span class='ocrx_word' id='word_1_155' title='bbox 506 1586 584 1644; x_wconf 92' lang='lat' dir='ltr'><strong>A.</strong></span> <span class='ocrx_word' id='word_1_156' title='bbox 627 1585 1038 1676; x_wconf 89' lang='lat' dir='ltr'><strong>Sempronium</strong></span> <span class='ocrx_word' id='word_1_157' title='bbox 1080 1581 1497 1668; x_wconf 86' lang='lat' dir='ltr'><strong>comitiisplus</strong></span> <span class='ocrx_word' id='word_1_158' title='bbox 1524 1583 1669 1644; x_wconf 87' lang='lat' dir='ltr'><strong>artis</strong></span> <span class='ocrx_word' id='word_1_159' title='bbox 1698 1583 2055 1652; x_wconf 84' lang='lat' dir='ltr'><strong>adhibuisse,</strong></span> <span class='ocrx_word' id='word_1_160' title='bbox 2099 1585 2273 1664; x_wconf 63' lang='lat' dir='ltr'><strong>quam</strong></span> <span class='ocrx_word' id='word_1_161' title='bbox 2357 1657 2358 1662; x_wconf 8' lang='grc' dir='ltr'>η</span> 
     </span>
     <span class='ocr_line' id='line_1_19' title="bbox 293 1663 2275 1744; baseline -0.003 -19"><span class='ocrx_word' id='word_1_162' title='bbox 293 1664 462 1725; x_wconf 84' lang='lat' dir='ltr'><strong>fidei.</strong></span> <span class='ocrx_word' id='word_1_163' title='bbox 527 1713 534 1719; x_wconf 90' lang='lat'><strong>.</strong></span> <span class='ocrx_word' id='word_1_164' title='bbox 563 1665 714 1744; x_wconf 87' lang='lat' dir='ltr'><strong>Ejus</strong></span> <span class='ocrx_word' id='word_1_165' title='bbox 767 1664 986 1744; x_wconf 68' lang='lat' dir='ltr'><strong>injuria</strong></span> <span class='ocrx_word' id='word_1_166' title='bbox 1039 1663 1210 1743; x_wconf 89' lang='lat' dir='ltr'><strong>queri</strong></span> <span class='ocrx_word' id='word_1_167' title='bbox 1252 1684 1389 1724; x_wconf 87' lang='lat' dir='ltr'><strong>suos</strong></span> <span class='ocrx_word' id='word_1_168' title='bbox 1428 1664 1647 1723; x_wconf 90' lang='lat' dir='ltr'><strong>honore</strong></span> <span class='ocrx_word' id='word_1_169' title='bbox 1688 1663 2017 1744; x_wconf 85' lang='lat' dir='ltr'><strong>dejectos.”</strong></span> <span class='ocrx_word' id='word_1_170' title='bbox 2063 1664 2275 1741; x_wconf 76' lang='lat' dir='ltr'><strong>Itaque·</strong></span> 
     </span>
     <span class='ocr_line' id='line_1_20' title="bbox 291 1669 2365 2065; baseline -0.001 -263"><span class='ocrx_word' id='word_1_171' title='bbox 291 1763 476 1823; x_wconf 88' lang='lat' dir='ltr'><strong>quum</strong></span> <span class='ocrx_word' id='word_1_172' title='bbox 501 1742 567 1802; x_wconf 90' lang='lat' dir='ltr'><strong>in</strong></span> <span class='ocrx_word' id='word_1_173' title='bbox 591 1743 805 1836; x_wconf 73' lang='lat' dir='ltr'><strong>ipsum,</strong></span> <span class='ocrx_word' id='word_1_174' title='bbox 859 1749 920 1805; x_wconf 88' lang='lat' dir='ltr'><strong>et</strong></span> <span class='ocrx_word' id='word_1_175' title='bbox 946 1743 1293 1817; x_wconf 62' lang='lat' dir='ltr'><strong>innocentia</strong></span> <span class='ocrx_word' id='word_1_176' title='bbox 1343 1749 1542 1804; x_wconf 88' lang='lat' dir='ltr'><strong>tutum</strong></span> <span class='ocrx_word' id='word_1_177' title='bbox 1570 1749 1633 1803; x_wconf 84' lang='lat' dir='ltr'><strong>et</strong></span> <span class='ocrx_word' id='word_1_178' title='bbox 1656 1743 2027 1824; x_wconf 83' lang='lat' dir='ltr'><strong>magistratu,</strong></span> <span class='ocrx_word' id='word_1_179' title='bbox 2070 1742 2136 1802; x_wconf 90' lang='lat' dir='ltr'><strong>in</strong></span> <span class='ocrx_word' id='word_1_180' title='bbox 2163 1761 2274 1822; x_wconf 85' lang='lat' dir='ltr'><strong>quo</strong></span> <span class='ocrx_word' id='word_1_181' title='bbox 2350 1669 2365 2065; x_wconf 43' lang='grc' dir='ltr'>ἲ</span> 
     </span>
    </p>
   </div>
   <div class='ocr_carea' id='block_1_5' title="bbox 2347 921 2365 1158">
    <p class='ocr_par' dir='ltr' id='par_1_6' title="bbox 2347 921 2365 1158">
     <span class='ocr_line' id='line_1_21' title="bbox 2347 921 2365 1158; baseline 0 2951"><span class='ocrx_word' id='word_1_182' title='bbox 2347 921 2365 1158; x_wconf 95' lang='lat' dir='ltr'><strong> </strong></span> 
     </span>
    </p>
   </div>
   <div class='ocr_carea' id='block_1_6' title="bbox 226 1821 2365 3730">
    <p class='ocr_par' dir='ltr' id='par_1_7' title="bbox 226 1821 2365 3730">
     <span class='ocr_line' id='line_1_22' title="bbox 291 1821 2270 1902; baseline -0.001 -19"><span class='ocrx_word' id='word_1_183' title='bbox 291 1829 437 1883; x_wconf 86' lang='lat' dir='ltr'><strong>tunc</strong></span> <span class='ocrx_word' id='word_1_184' title='bbox 467 1829 615 1892; x_wconf 87' lang='lat' dir='ltr'><strong>erat,</strong></span> <span class='ocrx_word' id='word_1_185' title='bbox 654 1827 910 1902; x_wconf 82' lang='lat' dir='ltr'><strong>impetus</strong></span> <span class='ocrx_word' id='word_1_186' title='bbox 952 1823 1084 1882; x_wconf 87' lang='lat' dir='ltr'><strong>fieri</strong></span> <span class='ocrx_word' id='word_1_187' title='bbox 1111 1829 1475 1902; x_wconf 79' lang='lat' dir='ltr'><strong>nonposset,</strong></span> <span class='ocrx_word' id='word_1_188' title='bbox 1524 1823 1745 1882; x_wconf 86' lang='lat' dir='ltr'><strong>flexere</strong></span> <span class='ocrx_word' id='word_1_189' title='bbox 1770 1825 1890 1883; x_wconf 86' lang='lat' dir='ltr'><strong>iras</strong></span> <span class='ocrx_word' id='word_1_190' title='bbox 1916 1822 1979 1881; x_wconf 91' lang='lat' dir='ltr'><strong>in</strong></span> <span class='ocrx_word' id='word_1_191' title='bbox 2010 1821 2085 1881; x_wconf 86' lang='lat' dir='ltr'><strong>C.</strong></span> <span class='ocrx_word' id='word_1_192' title='bbox 2114 1823 2270 1882; x_wconf 87' lang='lat' dir='ltr'><strong>Sem-</strong></span> 
     </span>
     <span class='ocr_line' id='line_1_23' title="bbox 291 1899 2274 1982; baseline -0.002 -21"><span class='ocrx_word' id='word_1_193' title='bbox 291 1901 586 1982; x_wconf 87' lang='lat' dir='ltr'><strong>pronium,</strong></span> <span class='ocrx_word' id='word_1_194' title='bbox 625 1902 955 1980; x_wconf 86' lang='lat' dir='ltr'><strong>patruelem</strong></span> <span class='ocrx_word' id='word_1_195' title='bbox 986 1900 1293 1976; x_wconf 82' lang='lat' dir='ltr'><strong>Atratini=</strong></span> <span class='ocrx_word' id='word_1_196' title='bbox 1334 1902 1508 1981; x_wconf 87' lang='lat' dir='ltr'><strong>eique</strong></span> <span class='ocrx_word' id='word_1_197' title='bbox 1555 1904 1629 1960; x_wconf 90' lang='lat' dir='ltr'><strong>ob</strong></span> <span class='ocrx_word' id='word_1_198' title='bbox 1654 1901 2032 1982; x_wconf 86' lang='lat' dir='ltr'><strong>ignominiam</strong></span> <span class='ocrx_word' id='word_1_199' title='bbox 2079 1899 2274 1963; x_wconf 84' lang='lat' dir='ltr'><strong>Volsci</strong></span> 
     </span>
     <span class='ocr_line' id='line_1_24' title="bbox 293 1979 2278 2062; baseline -0.002 -20"><span class='ocrx_word' id='word_1_200' title='bbox 293 1980 460 2050; x_wconf 85' lang='lat' dir='ltr'><strong>belli,</strong></span> <span class='ocrx_word' id='word_1_201' title='bbox 481 1980 770 2061; x_wconf 84' lang='lat' dir='ltr'><strong>adjutore</strong></span> <span class='ocrx_word' id='word_1_202' title='bbox 799 1979 1028 2062; x_wconf 67' lang='lat' dir='ltr'><strong>collega</strong></span> <span class='ocrx_word' id='word_1_203' title='bbox 1068 1981 1160 2040; x_wconf 91' lang='lat' dir='ltr'><strong>M.</strong></span> <span class='ocrx_word' id='word_1_204' title='bbox 1182 1981 1500 2050; x_wconf 81' lang='lat' dir='ltr'><strong>Canuleio,</strong></span> <span class='ocrx_word' id='word_1_205' title='bbox 1526 1980 1683 2040; x_wconf 87' lang='lat' dir='ltr'><strong>diem</strong></span> <span class='ocrx_word' id='word_1_206' title='bbox 1712 1981 1936 2041; x_wconf 83' lang='lat' dir='ltr'><strong>dixere.</strong></span> <span class='ocrx_word' id='word_1_207' title='bbox 2016 1981 2278 2041; x_wconf 67' lang='lat' dir='ltr'><strong>Subinde</strong></span> 
     </span>
     <span class='ocr_line' id='line_1_25' title="bbox 292 2059 2364 2143; baseline -0 -21"><span class='ocrx_word' id='word_1_208' title='bbox 292 2063 367 2122; x_wconf 89' lang='lat' dir='ltr'><strong>ab</strong></span> <span class='ocrx_word' id='word_1_209' title='bbox 394 2060 619 2120; x_wconf 89' lang='lat' dir='ltr'><strong>eisdem</strong></span> <span class='ocrx_word' id='word_1_210' title='bbox 639 2059 889 2120; x_wconf 84' lang='lat' dir='ltr'><strong>tribunis</strong></span> <span class='ocrx_word' id='word_1_211' title='bbox 915 2059 1140 2120; x_wconf 85' lang='lat' dir='ltr'><strong>mentio</strong></span> <span class='ocrx_word' id='word_1_212' title='bbox 1164 2059 1229 2120; x_wconf 88' lang='lat' dir='ltr'><strong>in</strong></span> <span class='ocrx_word' id='word_1_213' title='bbox 1257 2066 1465 2120; x_wconf 88' lang='lat' dir='ltr'><strong>senatu</strong></span> <span class='ocrx_word' id='word_1_214' title='bbox 1496 2061 1572 2119; x_wconf 91' lang='lat' dir='ltr'><strong>de</strong></span> <span class='ocrx_word' id='word_1_215' title='bbox 1600 2060 1757 2140; x_wconf 79' lang='lat' dir='ltr'><strong>agris</strong></span> <span class='ocrx_word' id='word_1_216' title='bbox 1784 2060 2273 2143; x_wconf 57' lang='lat' dir='ltr'><strong>dividendisffilla-</strong></span> <span class='ocrx_word' id='word_1_217' title='bbox 2363 2105 2364 2108; x_wconf 62' lang='lat'><strong>,</strong></span> 
     </span>
     <span class='ocr_line' id='line_1_26' title="bbox 293 2138 2273 2221; baseline -0.001 -21"><span class='ocrx_word' id='word_1_218' title='bbox 293 2145 362 2200; x_wconf 84' lang='lat' dir='ltr'><strong>ta</strong></span> <span class='ocrx_word' id='word_1_219' title='bbox 383 2145 494 2210; x_wconf 84' lang='lat' dir='ltr'><strong>est,</strong></span> <span class='ocrx_word' id='word_1_220' title='bbox 540 2138 660 2221; x_wconf 88' lang='lat' dir='ltr'><strong>(cui</strong></span> <span class='ocrx_word' id='word_1_221' title='bbox 686 2139 906 2199; x_wconf 87' lang='lat' dir='ltr'><strong>actioni</strong></span> <span class='ocrx_word' id='word_1_222' title='bbox 946 2159 1180 2221; x_wconf 59' lang='lat' dir='ltr'><strong>‚semper</strong></span> <span class='ocrx_word' id='word_1_223' title='bbox 1209 2139 1495 2200; x_wconf 66' lang='lat' dir='ltr'><strong>acerrime</strong></span> <span class='ocrx_word' id='word_1_224' title='bbox 1537 2140 1608 2199; x_wconf 80' lang='lat' dir='ltr'><strong>G.</strong></span> <span class='ocrx_word' id='word_1_225' title='bbox 1638 2141 2019 2221; x_wconf 80' lang='lat' dir='ltr'><strong>Sempronius</strong></span> <span class='ocrx_word' id='word_1_226' title='bbox 2046 2142 2273 2213; x_wconf 86' lang='lat' dir='ltr'><strong>restite·</strong></span> 
     </span>
     <span class='ocr_line' id='line_1_27' title="bbox 293 2219 2273 2302; baseline 0 -23"><span class='ocrx_word' id='word_1_227' title='bbox 293 2221 412 2302; x_wconf 87' lang='lat' dir='ltr'><strong>rat)</strong></span> <span class='ocrx_word' id='word_1_228' title='bbox 437 2220 602 2289; x_wconf 86' lang='lat' dir='ltr'><strong>ratis,</strong></span> <span class='ocrx_word' id='word_1_229' title='bbox 618 2219 682 2278; x_wconf 83' lang='lat' dir='ltr'><strong>id</strong></span> <span class='ocrx_word' id='word_1_230' title='bbox 709 2220 868 2298; x_wconf 87' lang='lat' dir='ltr'><strong>quod</strong></span> <span class='ocrx_word' id='word_1_231' title='bbox 897 2226 1046 2288; x_wconf 89' lang='lat' dir='ltr'><strong>erat,</strong></span> <span class='ocrx_word' id='word_1_232' title='bbox 1068 2225 1172 2279; x_wconf 84' lang='lat' dir='ltr'><strong>aut</strong></span> <span class='ocrx_word' id='word_1_233' title='bbox 1198 2219 1469 2299; x_wconf 67' lang='lat' dir='ltr'><strong>deposita</strong></span> <span class='ocrx_word' id='word_1_234' title='bbox 1498 2225 1679 2279; x_wconf 67' lang='lat' dir='ltr'><strong>causa</strong></span> <span class='ocrx_word' id='word_1_235' title='bbox 1708 2220 1990 2279; x_wconf 87' lang='lat' dir='ltr'><strong>leviorem</strong></span> <span class='ocrx_word' id='word_1_236' title='bbox 2015 2219 2273 2280; x_wconf 85' lang='lat' dir='ltr'><strong>futurum</strong></span> 
     </span>
     <span class='ocr_line' id='line_1_28' title="bbox 299 2299 2364 2390; baseline -0 -31"><span class='ocrx_word' id='word_1_237' title='bbox 299 2299 458 2380; x_wconf 82' lang='lat' dir='ltr'><strong>apud</strong></span> <span class='ocrx_word' id='word_1_238' title='bbox 476 2299 687 2359; x_wconf 85' lang='lat' dir='ltr'><strong>Patres</strong></span> <span class='ocrx_word' id='word_1_239' title='bbox 709 2319 892 2369; x_wconf 87' lang='lat' dir='ltr'><strong>reum,</strong></span> <span class='ocrx_word' id='word_1_240' title='bbox 918 2305 1024 2360; x_wconf 86' lang='lat' dir='ltr'><strong>aut</strong></span> <span class='ocrx_word' id='word_1_241' title='bbox 1044 2305 1523 2378; x_wconf 87' lang='lat' dir='ltr'><strong>perseverantem</strong></span> <span class='ocrx_word' id='word_1_242' title='bbox 1544 2302 1651 2358; x_wconf 86' lang='lat' dir='ltr'><strong>sub</strong></span> <span class='ocrx_word' id='word_1_243' title='bbox 1662 2299 1880 2390; x_wconf 81' lang='lat' dir='ltr'><strong>judicii</strong></span> <span class='ocrx_word' id='word_1_244' title='bbox 1903 2304 2142 2379; x_wconf 85' lang='lat' dir='ltr'><strong>tempus</strong></span> <span class='ocrx_word' id='word_1_245' title='bbox 2161 2300 2277 2381; x_wconf 89' lang='lat' dir='ltr'><strong>ple·</strong></span> <span class='ocrx_word' id='word_1_246' title='bbox 2362 2375 2364 2382; x_wconf 25' lang='grc' dir='ltr'>Ι</span> 
     </span>
     <span class='ocr_line' id='line_1_29' title="bbox 295 2377 2364 2458; baseline -0.001 -19"><span class='ocrx_word' id='word_1_247' title='bbox 295 2381 434 2439; x_wconf 82' lang='lat' dir='ltr'><strong>bem</strong></span> <span class='ocrx_word' id='word_1_248' title='bbox 475 2379 852 2439; x_wconf 83' lang='lat' dir='ltr'><strong>offensurum.</strong></span> <span class='ocrx_word' id='word_1_249' title='bbox 896 2413 901 2418; x_wconf 93' lang='lat'><em>-</em></span> <span class='ocrx_word' id='word_1_250' title='bbox 932 2379 1223 2455; x_wconf 83' lang='lat' dir='ltr'><strong>Adversae</strong></span> <span class='ocrx_word' id='word_1_251' title='bbox 1278 2379 1523 2446; x_wconf 74' lang='lat' dir='ltr'><strong>invidiae</strong></span> <span class='ocrx_word' id='word_1_252' title='bbox 1565 2378 1739 2458; x_wconf 77' lang='lat' dir='ltr'><strong>objici</strong></span> <span class='ocrx_word' id='word_1_253' title='bbox 1778 2377 2009 2448; x_wconf 84' lang='lat' dir='ltr'><strong>maluit,</strong></span> <span class='ocrx_word' id='word_1_254' title='bbox 2060 2387 2122 2440; x_wconf 91' lang='lat' dir='ltr'><strong>et</strong></span> <span class='ocrx_word' id='word_1_255' title='bbox 2162 2397 2279 2439; x_wconf 80' lang='lat' dir='ltr'><strong>suoe</strong></span> <span class='ocrx_word' id='word_1_256' title='bbox 2362 2425 2364 2458; x_wconf 25' lang='grc' dir='ltr'>ἒ</span> 
     </span>
     <span class='ocr_line' id='line_1_30' title="bbox 300 2457 2365 2539; baseline -0.001 -21"><span class='ocrx_word' id='word_1_257' title='bbox 300 2477 518 2518; x_wconf 86' lang='lat' dir='ltr'><strong>nocere</strong></span> <span class='ocrx_word' id='word_1_258' title='bbox 567 2477 786 2527; x_wconf 75' lang='lat' dir='ltr'><strong>causae,</strong></span> <span class='ocrx_word' id='word_1_259' title='bbox 833 2459 1014 2536; x_wconf 65' lang='lat' dir='ltr'><strong>quam</strong></span> <span class='ocrx_word' id='word_1_260' title='bbox 1056 2457 1311 2539; x_wconf 85' lang='lat' dir='ltr'><strong>publicae</strong></span> <span class='ocrx_word' id='word_1_261' title='bbox 1342 2458 1551 2518; x_wconf 89' lang='lat' dir='ltr'><strong>deesse</strong></span> <span class='ocrx_word' id='word_1_262' title='bbox 1576 2479 1594 2529; x_wconf 77' lang='lat'>3</span> <span class='ocrx_word' id='word_1_263' title='bbox 1636 2458 1921 2537; x_wconf 86' lang='lat' dir='ltr'><strong>stetitque</strong></span> <span class='ocrx_word' id='word_1_264' title='bbox 1966 2457 2029 2516; x_wconf 91' lang='lat' dir='ltr'><strong>in</strong></span> <span class='ocrx_word' id='word_1_265' title='bbox 2081 2459 2280 2519; x_wconf 88' lang='lat' dir='ltr'><strong>eadem</strong></span> <span class='ocrx_word' id='word_1_266' title='bbox 2362 2463 2365 2510; x_wconf 61' lang='grc' dir='ltr'><strong>ὲ</strong></span> 
     </span>
     <span class='ocr_line' id='line_1_31' title="bbox 299 2537 2281 2618; baseline -0.001 -21"><span class='ocrx_word' id='word_1_267' title='bbox 299 2537 618 2606; x_wconf 77' lang='lat' dir='ltr'><strong>sententia,</strong></span> <span class='ocrx_word' id='word_1_268' title='bbox 645 2549 680 2576; x_wconf 78' lang='lat'><strong>‘⁸</strong></span> <span class='ocrx_word' id='word_1_269' title='bbox 700 2537 800 2598; x_wconf 91' lang='lat' dir='ltr'><strong>Ne</strong></span> <span class='ocrx_word' id='word_1_270' title='bbox 828 2558 948 2616; x_wconf 85' lang='lat' dir='ltr'><strong>qua</strong></span> <span class='ocrx_word' id='word_1_271' title='bbox 966 2538 1221 2618; x_wconf 86' lang='lat' dir='ltr'><strong>largitio,</strong></span> <span class='ocrx_word' id='word_1_272' title='bbox 1250 2537 1581 2602; x_wconf 84' lang='lat' dir='ltr'><strong>cessurain</strong></span> <span class='ocrx_word' id='word_1_273' title='bbox 1609 2537 1789 2598; x_wconf 88' lang='lat' dir='ltr'><strong>trium</strong></span> <span class='ocrx_word' id='word_1_274' title='bbox 1823 2537 2071 2618; x_wconf 81' lang='lat' dir='ltr'><strong>gratiam</strong></span> <span class='ocrx_word' id='word_1_275' title='bbox 2103 2539 2281 2598; x_wconf 88' lang='lat' dir='ltr'><strong>tribu-</strong></span> 
     </span>
     <span class='ocr_line' id='line_1_32' title="bbox 299 2617 2289 2698; baseline -0.001 -22"><span class='ocrx_word' id='word_1_276' title='bbox 299 2635 531 2685; x_wconf 85' lang='lat' dir='ltr'><strong>norum,</strong></span> <span class='ocrx_word' id='word_1_277' title='bbox 551 2617 724 2676; x_wconf 86' lang='lat' dir='ltr'><strong>fieret</strong></span> <span class='ocrx_word' id='word_1_278' title='bbox 743 2636 760 2687; x_wconf 85' lang='lat'>3</span> <span class='ocrx_word' id='word_1_279' title='bbox 787 2636 900 2676; x_wconf 91' lang='lat' dir='ltr'><strong>nec</strong></span> <span class='ocrx_word' id='word_1_280' title='bbox 919 2625 1050 2676; x_wconf 88' lang='lat' dir='ltr'><strong>tum</strong></span> <span class='ocrx_word' id='word_1_281' title='bbox 1074 2637 1283 2697; x_wconf 61' lang='lat' dir='ltr'><strong>&gt;agrum</strong></span> <span class='ocrx_word' id='word_1_282' title='bbox 1302 2617 1478 2696; x_wconf 86' lang='lat' dir='ltr'><strong>plebi,</strong></span> <span class='ocrx_word' id='word_1_283' title='bbox 1506 2617 1613 2677; x_wconf 85' lang='lat' dir='ltr'><strong>sed</strong></span> <span class='ocrx_word' id='word_1_284' title='bbox 1632 2617 1741 2677; x_wconf 88' lang='lat' dir='ltr'><strong>sibi</strong></span> <span class='ocrx_word' id='word_1_285' title='bbox 1763 2617 2066 2690; x_wconf 83' lang='lat' dir='ltr'><strong>invidiam,</strong></span> <span class='ocrx_word' id='word_1_286' title='bbox 2084 2617 2289 2698; x_wconf 81' lang='lat' dir='ltr'><strong>quaeri.</strong></span> 
     </span>
     <span class='ocr_line' id='line_1_33' title="bbox 303 2695 2285 2775; baseline 0 -20"><span class='ocrx_word' id='word_1_287' title='bbox 303 2695 384 2755; x_wconf 86' lang='lat' dir='ltr'><strong>Se</strong></span> <span class='ocrx_word' id='word_1_288' title='bbox 411 2713 646 2774; x_wconf 82' lang='lat' dir='ltr'><strong>quoque</strong></span> <span class='ocrx_word' id='word_1_289' title='bbox 670 2695 998 2756; x_wconf 88' lang='lat' dir='ltr'><strong>subiturum</strong></span> <span class='ocrx_word' id='word_1_290' title='bbox 1025 2715 1156 2755; x_wconf 87' lang='lat' dir='ltr'><strong>eam</strong></span> <span class='ocrx_word' id='word_1_291' title='bbox 1182 2702 1596 2775; x_wconf 87' lang='lat' dir='ltr'><strong>tempestatem</strong></span> <span class='ocrx_word' id='word_1_292' title='bbox 1625 2696 1763 2755; x_wconf 86' lang='lat' dir='ltr'><strong>forti</strong></span> <span class='ocrx_word' id='word_1_293' title='bbox 1784 2697 1979 2758; x_wconf 86' lang='lat' dir='ltr'><strong>animo</strong></span> <span class='ocrx_word' id='word_1_294' title='bbox 2002 2717 2020 2768; x_wconf 84' lang='lat'><em>3</em></span> <span class='ocrx_word' id='word_1_295' title='bbox 2061 2718 2173 2758; x_wconf 88' lang='lat' dir='ltr'><strong>nec</strong></span> <span class='ocrx_word' id='word_1_296' title='bbox 2196 2717 2285 2756; x_wconf 87' lang='lat' dir='ltr'><strong>se-</strong></span> 
     </span>
     <span class='ocr_line' id='line_1_34' title="bbox 301 2773 2282 2854; baseline 0 -20"><span class='ocrx_word' id='word_1_297' title='bbox 301 2773 476 2834; x_wconf 86' lang='lat' dir='ltr'><strong>natui</strong></span> <span class='ocrx_word' id='word_1_298' title='bbox 501 2775 653 2835; x_wconf 87' lang='lat' dir='ltr'><strong>tanti</strong></span> <span class='ocrx_word' id='word_1_299' title='bbox 680 2795 744 2835; x_wconf 87' lang='lat' dir='ltr'><strong>se</strong></span> <span class='ocrx_word' id='word_1_300' title='bbox 771 2773 979 2844; x_wconf 90' lang='lat' dir='ltr'><strong>civem,</strong></span> <span class='ocrx_word' id='word_1_301' title='bbox 1003 2782 1112 2834; x_wconf 88' lang='lat' dir='ltr'><strong>aut</strong></span> <span class='ocrx_word' id='word_1_302' title='bbox 1138 2795 1495 2854; x_wconf 86' lang='lat' dir='ltr'><strong>quemquam</strong></span> <span class='ocrx_word' id='word_1_303' title='bbox 1522 2776 1705 2836; x_wconf 86' lang='lat' dir='ltr'><strong>alium</strong></span> <span class='ocrx_word' id='word_1_304' title='bbox 1727 2776 1945 2838; x_wconf 89' lang='lat' dir='ltr'><strong>debere</strong></span> <span class='ocrx_word' id='word_1_305' title='bbox 1965 2796 2116 2847; x_wconf 89' lang='lat' dir='ltr'><strong>esse,</strong></span> <span class='ocrx_word' id='word_1_306' title='bbox 2142 2775 2282 2835; x_wconf 87' lang='lat' dir='ltr'><strong>utin</strong></span> 
     </span>
     <span class='ocr_line' id='line_1_35' title="bbox 226 2850 2364 2939; baseline -0.003 -20"><span class='ocrx_word' id='word_1_307' title='bbox 226 2897 236 2902; x_wconf 94' lang='lat'>-</span> <span class='ocrx_word' id='word_1_308' title='bbox 273 2854 604 2936; x_wconf 74' lang='lat' dir='ltr'><strong>..parcendo</strong></span> <span class='ocrx_word' id='word_1_309' title='bbox 630 2853 737 2914; x_wconf 89' lang='lat' dir='ltr'><strong>uni</strong></span> <span class='ocrx_word' id='word_1_310' title='bbox 762 2854 984 2915; x_wconf 90' lang='lat' dir='ltr'><strong>malum</strong></span> <span class='ocrx_word' id='word_1_311' title='bbox 1008 2853 1313 2939; x_wconf 87' lang='lat' dir='ltr'><strong>publicum</strong></span> <span class='ocrx_word' id='word_1_312' title='bbox 1333 2850 1500 2915; x_wconf 79' lang='lat' dir='ltr'><strong>fiat.”</strong></span> <span class='ocrx_word' id='word_1_313' title='bbox 1580 2854 1787 2917; x_wconf 90' lang='lat' dir='ltr'><strong>Nihilo</strong></span> <span class='ocrx_word' id='word_1_314' title='bbox 1804 2855 2147 2916; x_wconf 87' lang='lat' dir='ltr'><strong>demissiore</strong></span> <span class='ocrx_word' id='word_1_315' title='bbox 2169 2853 2285 2914; x_wconf 88' lang='lat' dir='ltr'><strong>ani-</strong></span> <span class='ocrx_word' id='word_1_316' title='bbox 2362 2881 2364 2890; x_wconf 48' lang='lat'><strong>¹</strong></span> 
     </span>
     <span class='ocr_line' id='line_1_36' title="bbox 249 2933 2287 3016; baseline 0 -22"><span class='ocrx_word' id='word_1_317' title='bbox 249 2935 287 2966; x_wconf 73' lang='grc'><strong>“·”</strong></span> <span class='ocrx_word' id='word_1_318' title='bbox 305 2944 422 3004; x_wconf 81' lang='lat' dir='ltr'><strong>mo,</strong></span> <span class='ocrx_word' id='word_1_319' title='bbox 475 2953 658 3016; x_wconf 82' lang='lat' dir='ltr'><strong>quum</strong></span> <span class='ocrx_word' id='word_1_320' title='bbox 687 2933 816 2994; x_wconf 88' lang='lat' dir='ltr'><strong>dies</strong></span> <span class='ocrx_word' id='word_1_321' title='bbox 842 2935 1025 3004; x_wconf 83' lang='lat' dir='ltr'><strong>venit,</strong></span> <span class='ocrx_word' id='word_1_322' title='bbox 1071 2941 1253 3002; x_wconf 73' lang='lat' dir='ltr'><strong>causa</strong></span> <span class='ocrx_word' id='word_1_323' title='bbox 1295 2935 1423 3014; x_wconf 86' lang='lat' dir='ltr'><strong>ipse</strong></span> <span class='ocrx_word' id='word_1_324' title='bbox 1447 2955 1553 3016; x_wconf 77' lang='lat' dir='ltr'><strong>pro</strong></span> <span class='ocrx_word' id='word_1_325' title='bbox 1582 2955 1646 2996; x_wconf 87' lang='lat' dir='ltr'><strong>se</strong></span> <span class='ocrx_word' id='word_1_326' title='bbox 1672 2935 1857 3006; x_wconf 71' lang='lat' dir='ltr'><strong>dicta,</strong></span> <span class='ocrx_word' id='word_1_327' title='bbox 1897 2936 2287 3015; x_wconf 88' lang='lat' dir='ltr'><strong>nequicquam</strong></span> 
     </span>
     <span class='ocr_line' id='line_1_37' title="bbox 305 3010 2292 3097; baseline -0.002 -22"><span class='ocrx_word' id='word_1_328' title='bbox 305 3015 506 3076; x_wconf 88' lang='lat' dir='ltr'><strong>omnia</strong></span> <span class='ocrx_word' id='word_1_329' title='bbox 553 3014 812 3096; x_wconf 84' lang='lat' dir='ltr'><strong>expertis</strong></span> <span class='ocrx_word' id='word_1_330' title='bbox 838 3014 1135 3084; x_wconf 88' lang='lat' dir='ltr'><strong>Patribus,</strong></span> <span class='ocrx_word' id='word_1_331' title='bbox 1178 3019 1249 3074; x_wconf 89' lang='lat' dir='ltr'><strong>ut</strong></span> <span class='ocrx_word' id='word_1_332' title='bbox 1274 3015 1615 3097; x_wconf 86' lang='lat' dir='ltr'><strong>mitigarent</strong></span> <span class='ocrx_word' id='word_1_333' title='bbox 1658 3015 1908 3094; x_wconf 88' lang='lat' dir='ltr'><strong>plebem,</strong></span> <span class='ocrx_word' id='word_1_334' title='bbox 1956 3010 2292 3093; x_wconf 89' lang='lat' dir='ltr'><strong>quindecim</strong></span> 
     </span>
     <span class='ocr_line' id='line_1_38' title="bbox 305 3093 2364 3176; baseline -0.001 -22"><span class='ocrx_word' id='word_1_335' title='bbox 305 3095 568 3156; x_wconf 83' lang='lat' dir='ltr'><strong>millibus</strong></span> <span class='ocrx_word' id='word_1_336' title='bbox 599 3093 735 3154; x_wconf 88' lang='lat' dir='ltr'><strong>aeris</strong></span> <span class='ocrx_word' id='word_1_337' title='bbox 763 3095 1097 3154; x_wconf 84' lang='lat' dir='ltr'><strong>damnatur.</strong></span> <span class='ocrx_word' id='word_1_338' title='bbox 1173 3094 1400 3154; x_wconf 85' lang='lat' dir='ltr'><strong>Eodem</strong></span> <span class='ocrx_word' id='word_1_339' title='bbox 1424 3114 1579 3154; x_wconf 88' lang='lat' dir='ltr'><strong>anno</strong></span> <span class='ocrx_word' id='word_1_340' title='bbox 1600 3095 1921 3164; x_wconf 86' lang='lat' dir='ltr'><strong>Postumia,</strong></span> <span class='ocrx_word' id='word_1_341' title='bbox 1960 3095 2127 3176; x_wconf 65' lang='lat' dir='ltr'><strong>virgo</strong></span> <span class='ocrx_word' id='word_1_342' title='bbox 2149 3096 2293 3153; x_wconf 91' lang='lat' dir='ltr'><strong>Ves-</strong></span> <span class='ocrx_word' id='word_1_343' title='bbox 2362 3154 2364 3162; x_wconf 75' lang='grc'>,</span> 
     </span>
     <span class='ocr_line' id='line_1_39' title="bbox 306 3173 2364 3254; baseline -0 -20"><span class='ocrx_word' id='word_1_344' title='bbox 306 3174 468 3244; x_wconf 80' lang='lat' dir='ltr'><strong>talis,</strong></span> <span class='ocrx_word' id='word_1_345' title='bbox 493 3174 571 3235; x_wconf 85' lang='lat' dir='ltr'><strong>de</strong></span> <span class='ocrx_word' id='word_1_346' title='bbox 596 3173 828 3234; x_wconf 86' lang='lat' dir='ltr'><strong>incestu</strong></span> <span class='ocrx_word' id='word_1_347' title='bbox 862 3193 1099 3233; x_wconf 88' lang='lat' dir='ltr'><strong>causam</strong></span> <span class='ocrx_word' id='word_1_348' title='bbox 1127 3173 1299 3244; x_wconf 82' lang='lat' dir='ltr'><strong>dixit,</strong></span> <span class='ocrx_word' id='word_1_349' title='bbox 1327 3173 1573 3234; x_wconf 87' lang='lat' dir='ltr'><strong>crimine</strong></span> <span class='ocrx_word' id='word_1_350' title='bbox 1600 3173 1878 3244; x_wconf 79' lang='lat' dir='ltr'><strong>innoxia3</strong></span> <span class='ocrx_word' id='word_1_351' title='bbox 1918 3175 1991 3234; x_wconf 86' lang='lat' dir='ltr'><strong>ob</strong></span> <span class='ocrx_word' id='word_1_352' title='bbox 2013 3173 2295 3254; x_wconf 79' lang='lat' dir='ltr'><strong>suspicio·</strong></span> <span class='ocrx_word' id='word_1_353' title='bbox 2362 3177 2364 3182; x_wconf 55' lang='lat'><strong><em>⁴</em></strong></span> 
     </span>
     <span class='ocr_line' id='line_1_40' title="bbox 310 3247 2298 3336; baseline -0.001 -22"><span class='ocrx_word' id='word_1_354' title='bbox 310 3273 447 3314; x_wconf 89' lang='lat' dir='ltr'><strong>nem</strong></span> <span class='ocrx_word' id='word_1_355' title='bbox 468 3259 710 3335; x_wconf 80' lang='lat' dir='ltr'><strong>propter</strong></span> <span class='ocrx_word' id='word_1_356' title='bbox 732 3247 960 3312; x_wconf 81' lang='lat' dir='ltr'><strong>ciiitum</strong></span> <span class='ocrx_word' id='word_1_357' title='bbox 986 3253 1813 3336; x_wconf 80' lang='lat' dir='ltr'><strong>amoenioremingeniumque</strong></span> <span class='ocrx_word' id='word_1_358' title='bbox 1832 3253 2092 3322; x_wconf 88' lang='lat' dir='ltr'><strong>liberius,</strong></span> <span class='ocrx_word' id='word_1_359' title='bbox 2120 3273 2199 3332; x_wconf 81' lang='lat' dir='ltr'><strong>qu</strong></span> <span class='ocrx_word' id='word_1_360' title='bbox 2207 3253 2298 3312; x_wconf 68' lang='lat' dir='ltr'><strong>am</strong></span> 
     </span>
     <span class='ocr_line' id='line_1_41' title="bbox 307 3332 2302 3414; baseline -0.002 -21"><span class='ocrx_word' id='word_1_361' title='bbox 307 3333 598 3414; x_wconf 79' lang='lat' dir='ltr'><strong>virginem</strong></span> <span class='ocrx_word' id='word_1_362' title='bbox 617 3334 809 3402; x_wconf 87' lang='lat' dir='ltr'><strong>decet,</strong></span> <span class='ocrx_word' id='word_1_363' title='bbox 825 3353 1033 3414; x_wconf 86' lang='lat' dir='ltr'><strong>parum</strong></span> <span class='ocrx_word' id='word_1_364' title='bbox 1053 3333 1372 3394; x_wconf 85' lang='lat' dir='ltr'><strong>abhorrens</strong></span> <span class='ocrx_word' id='word_1_365' title='bbox 1392 3333 1630 3394; x_wconf 88' lang='lat' dir='ltr'><strong>famam.</strong></span> <span class='ocrx_word' id='word_1_366' title='bbox 1682 3332 2062 3412; x_wconf 77' lang='lat' dir='ltr'><strong>Ampliatam,</strong></span> <span class='ocrx_word' id='word_1_367' title='bbox 2082 3332 2302 3392; x_wconf 76' lang='lat' dir='ltr'><strong>deinde</strong></span> 
     </span>
     <span class='ocr_line' id='line_1_42' title="bbox 309 3412 2299 3495; baseline -0.001 -23"><span class='ocrx_word' id='word_1_368' title='bbox 309 3414 660 3484; x_wconf 87' lang='lat' dir='ltr'><strong>absolutam,</strong></span> <span class='ocrx_word' id='word_1_369' title='bbox 685 3433 792 3494; x_wconf 88' lang='lat' dir='ltr'><strong>pro</strong></span> <span class='ocrx_word' id='word_1_370' title='bbox 820 3413 1056 3494; x_wconf 81' lang='lat' dir='ltr'><strong>collegii</strong></span> <span class='ocrx_word' id='word_1_371' title='bbox 1083 3414 1382 3474; x_wconf 84' lang='lat' dir='ltr'><strong>sententia</strong></span> <span class='ocrx_word' id='word_1_372' title='bbox 1398 3413 1668 3495; x_wconf 85' lang='lat' dir='ltr'><strong>pontifex</strong></span> <span class='ocrx_word' id='word_1_373' title='bbox 1688 3415 1977 3474; x_wconf 83' lang='lat' dir='ltr'><strong>maximus</strong></span> <span class='ocrx_word' id='word_1_374' title='bbox 2004 3412 2299 3473; x_wconf 85' lang='lat' dir='ltr'><strong>abstinere</strong></span> 
     </span>
     <span class='ocr_line' id='line_1_43' title="bbox 302 3491 2364 3574; baseline -0 -24"><span class='ocrx_word' id='word_1_375' title='bbox 302 3491 478 3570; x_wconf 78' lang='lat' dir='ltr'><strong>jociS,</strong></span> <span class='ocrx_word' id='word_1_376' title='bbox 497 3493 731 3573; x_wconf 85' lang='lat' dir='ltr'><strong>colique</strong></span> <span class='ocrx_word' id='word_1_377' title='bbox 753 3494 958 3554; x_wconf 71' lang='lat' dir='ltr'><strong>sancte</strong></span> <span class='ocrx_word' id='word_1_378' title='bbox 979 3491 1198 3574; x_wconf 72' lang='lat' dir='ltr'><strong>potiuS,</strong></span> <span class='ocrx_word' id='word_1_379' title='bbox 1216 3495 1398 3572; x_wconf 64' lang='lat' dir='ltr'><strong>quam</strong></span> <span class='ocrx_word' id='word_1_380' title='bbox 1424 3493 1592 3563; x_wconf 67' lang='lat' dir='ltr'><strong>scite,</strong></span> <span class='ocrx_word' id='word_1_381' title='bbox 1612 3493 1811 3574; x_wconf 82' lang='lat' dir='ltr'><strong>jussit.</strong></span> <span class='ocrx_word' id='word_1_382' title='bbox 1891 3492 2119 3552; x_wconf 86' lang='lat' dir='ltr'><strong>Eodem</strong></span> <span class='ocrx_word' id='word_1_383' title='bbox 2148 3509 2301 3551; x_wconf 88' lang='lat' dir='ltr'><strong>anno</strong></span> <span class='ocrx_word' id='word_1_384' title='bbox 2362 3553 2364 3570; x_wconf 30' lang='lat'>4</span> 
     </span>
     <span class='ocr_line' id='line_1_44' title="bbox 269 3570 2364 3654; baseline 0.001 -27"><span class='ocrx_word' id='word_1_385' title='bbox 269 3643 272 3648; x_wconf 21' lang='grc' dir='ltr'>Ι</span> <span class='ocrx_word' id='word_1_386' title='bbox 313 3570 698 3654; x_wconf 69' lang='lat' dir='ltr'><strong>a-Campanis</strong></span> <span class='ocrx_word' id='word_1_387' title='bbox 725 3574 957 3642; x_wconf 87' lang='lat' dir='ltr'><strong>Cumae,</strong></span> <span class='ocrx_word' id='word_1_388' title='bbox 979 3591 1156 3650; x_wconf 85' lang='lat' dir='ltr'><strong>quam</strong></span> <span class='ocrx_word' id='word_1_389' title='bbox 1185 3574 1390 3634; x_wconf 79' lang='lat' dir='ltr'><strong>Graeci</strong></span> <span class='ocrx_word' id='word_1_390' title='bbox 1415 3579 1546 3647; x_wconf 84' lang='lat' dir='ltr'><strong>tum</strong></span> <span class='ocrx_word' id='word_1_391' title='bbox 1570 3575 1773 3634; x_wconf 85' lang='lat' dir='ltr'><strong>urbem</strong></span> <span class='ocrx_word' id='word_1_392' title='bbox 1802 3574 2101 3640; x_wconf 85' lang='lat' dir='ltr'><strong>tenebant,</strong></span> <span class='ocrx_word' id='word_1_393' title='bbox 2138 3570 2299 3650; x_wconf 87' lang='lat' dir='ltr'><strong>capi·</strong></span> <span class='ocrx_word' id='word_1_394' title='bbox 2362 3571 2364 3624; x_wconf 73' lang='grc'><strong>4</strong></span> 
     </span>
     <span class='ocr_line' id='line_1_45' title="bbox 309 3649 2364 3730; baseline 0.002 -26"><span class='ocrx_word' id='word_1_395' title='bbox 309 3655 512 3709; x_wconf 82' lang='lat' dir='ltr'><strong>untur.</strong></span> <span class='ocrx_word' id='word_1_396' title='bbox 594 3653 926 3716; x_wconf 74' lang='lat' dir='ltr'><strong>Inseou&#39;ens</strong></span> <span class='ocrx_word' id='word_1_397' title='bbox 953 3672 1144 3714; x_wconf 87' lang='lat' dir='ltr'><strong>annus</strong></span> <span class='ocrx_word' id='word_1_398' title='bbox 1167 3653 1437 3714; x_wconf 86' lang='lat' dir='ltr'><strong>tribunos</strong></span> <span class='ocrx_word' id='word_1_399' title='bbox 1464 3653 1717 3712; x_wconf 87' lang='lat' dir='ltr'><strong>militum</strong></span> <span class='ocrx_word' id='word_1_400' title='bbox 1766 3649 2059 3712; x_wconf 86' lang='lat' dir='ltr'><strong>consulari</strong></span> <span class='ocrx_word' id='word_1_401' title='bbox 2101 3657 2303 3730; x_wconf 83' lang='lat' dir='ltr'><strong>potes·</strong></span> <span class='ocrx_word' id='word_1_402' title='bbox 2363 3663 2364 3722; x_wconf 72' lang='lat' dir='ltr'><strong>j</strong></span> 
     </span>
    </p>
   </div>
   <div class='ocr_carea' id='block_1_7' title="bbox 2358 2065 2370 2734">
    <p class='ocr_par' dir='ltr' id='par_1_8' title="bbox 2358 2065 2370 2734">
     <span class='ocr_line' id='line_1_46' title="bbox 2358 2065 2370 2734; baseline 0 0"><span class='ocrx_word' id='word_1_403' title='bbox 2358 2065 2370 2734; x_wconf 95' lang='lat' dir='ltr'><strong> </strong></span> 
     </span>
    </p>
   </div>
   <div class='ocr_carea' id='block_1_8' title="bbox 754 3717 776 3732">
    <p class='ocr_par' dir='ltr' id='par_1_9' title="bbox 754 3717 776 3732">
     <span class='ocr_line' id='line_1_47' title="bbox 754 3717 776 3732; baseline 0 0"><span class='ocrx_word' id='word_1_404' title='bbox 754 3717 776 3732; x_wconf 66' lang='lat' dir='ltr'>A</span> 
     </span>
    </p>
   </div>
   <div class='ocr_carea' id='block_1_9' title="bbox 311 3727 2304 3896">
    <p class='ocr_par' dir='ltr' id='par_1_10' title="bbox 311 3727 2364 3896">
     <span class='ocr_line' id='line_1_48' title="bbox 313 3727 2304 3813; baseline 0.004 -33"><span class='ocrx_word' id='word_1_405' title='bbox 313 3729 440 3782; x_wconf 82' lang='lat' dir='ltr'><strong>tate</strong></span> <span class='ocrx_word' id='word_1_406' title='bbox 466 3727 686 3799; x_wconf 74' lang='lat' dir='ltr'><strong>habuit,</strong></span> <span class='ocrx_word' id='word_1_407' title='bbox 835 3733 1060 3813; x_wconf 86' lang='lat' dir='ltr'><strong>rippam</strong></span> <span class='ocrx_word' id='word_1_408' title='bbox 1088 3734 1437 3794; x_wconf 83' lang='lat' dir='ltr'><strong>Menenium</strong></span> <span class='ocrx_word' id='word_1_409' title='bbox 1469 3734 1784 3802; x_wconf 82' lang='lat' dir='ltr'><strong>Lanatum,</strong></span> <span class='ocrx_word' id='word_1_410' title='bbox 1837 3731 1904 3790; x_wconf 90' lang='lat' dir='ltr'><strong>P.</strong></span> <span class='ocrx_word' id='word_1_411' title='bbox 1922 3759 1929 3764; x_wconf 89' lang='lat'><strong>·</strong></span> <span class='ocrx_word' id='word_1_412' title='bbox 1946 3729 2304 3792; x_wconf 70' lang='lat' dir='ltr'><strong>Lucretium</strong></span> 
     </span>
     <span class='ocr_line' id='line_1_49' title="bbox 311 3753 1518 3896; baseline 0.013 -40"><span class='ocrx_word' id='word_1_413' title='bbox 311 3797 753 3882; x_wconf 83' lang='lat' dir='ltr'><strong>Tricipitinum,</strong></span> <span class='ocrx_word' id='word_1_414' title='bbox 783 3753 886 3896; x_wconf 60' lang='grc' dir='ltr'><strong>ἕρ.</strong></span> <span class='ocrx_word' id='word_1_415' title='bbox 911 3813 1207 3876; x_wconf 80' lang='lat' dir='ltr'><strong>Nautium</strong></span> <span class='ocrx_word' id='word_1_416' title='bbox 1227 3813 1518 3876; x_wconf 83' lang='lat' dir='ltr'><strong>Rutilum.</strong></span> 
     </span>
    </p>
   </div>
  </div>
 </body>
</html>
