2400 4109
182 160 264 214 42
575 192 604 221 „
1007 158 1084 219 T.
1111 156 1328 221 mvn
1394 122 1400 125 ’

187 312 384 397 decim
406 310 670 375 millibus
710 312 843 375 haec
885 314 1094 377 classis
1122 320 1490 379 censebatur.
1569 312 1704 376 Hoc
1731 314 1923 376 minor
1962 310 2191 379 census

183 394 472 471 reliquum
501 393 940 455 multitudinem
979 396 1221 469 habuit3
1262 398 1404 457 inde
1428 416 1551 457 una
1578 394 1846 456 centuria
1885 394 2047 457 facta
2066 402 2190 467 est,

185 472 466 533 immunis
505 472 737 533 militia.
844 476 939 536 Ita
977 476 1241 556 pedestri
1282 478 1546 537 exercitu
1586 482 1794 535 ornato
1834 474 2191 536 distributo·
2252 496 2255 499 ·

187 570 325 629 que,
352 552 619 631 equitum
641 572 716 613 ex
733 553 1082 635 primoribus
1123 555 1383 617 civitatis
1409 556 1725 615 duodecim
1751 554 1997 635 scripsit
2037 574 2217 616 cen-=

188 631 391 691 turias.
471 634 590 693 Sex
631 634 772 693 item
811 633 962 695 alias
989 636 1285 699 centurias
1305 636 1493 697 tribus
1518 637 1591 695 ab
1617 634 1870 702 Romulo
1890 634 2191 699 institutis
2259 647 2266 652 ·

185 713 294 771 sub
317 710 548 781 iisdem,
609 713 783 773 uibus
823 714 960 775 inan
1043 723 1189 777 rutae
1234 723 1423 786 erant,
1461 714 1795 775 nominibus
1834 714 1997 773 fecit.
2078 715 2190 774 Ad

185 810 369 871 equos
389 809 560 853 emen
603 812 670 853 os
689 793 846 853 dena
871 736 1060 854 miffi'a
1079 796 1217 856 aeris
1242 818 1317 857 ex
1336 796 1574 879 publico
1614 794 1793 865 data3
1858 798 1937 861 et,
1964 791 2190 885 quibus

161 890 370 949 *equos
397 871 643 941 alerent,
670 872 869 934 viduae
899 874 1225 947 attributae,
1252 896 1389 955 quae
1436 874 1576 935 bina
1602 872 1790 933 millia
1820 872 1957 933 aeris
1980 892 2045 933 m
2072 893 2189 933 an-

187 970 294 1009 nos
319 951 580 1031 singulos
605 952 980 1032 penderent.·
1032 955 1186 1017 Haec
1235 955 1431 1017 omniu
1468 954 1533 1013 in
1566 954 1723 1015 dites
1754 954 1787 1011 a
1829 951 2192 1033 pauperihus

184 1030 472 1090 inclinata
498 1052 694 1093 onera.
773 1032 1010 1095 Deinde
1030 1040 1124 1095 est
1147 1036 1331 1097 honos
1352 1034 1593 1096 additus
1616 1055 1635 1104 ;
1673 1052 1793 1092 non
1811 1030 1971 1091 enim
1993 1030 2087 1111 (ut
2107 1036 2191 1093 ab

145 1118 158 1145 ¹¹
183 1110 438 1169 Romulo
455 1112 738 1173 traditum
750 1114 970 1175 caeteri-
983 1123 1366 1176 servaverant
1380 1115 1595 1197 Reges)
1602 1113 1821 1173 viritim
1838 1110 2191 1191 suffragium

185 1188 396 1249 eadem
423 1190 483 1249 vi
525 1192 852 1273 eodemque
869 1196 1006 1273 jure
1033 1194 1367 1275 promiscue
1393 1194 1663 1255 omnibus
1688 1192 1897 1251 datum
1920 1197 2045 1259 est;
2071 1191 2188 1253 sed

179 1268 402 1348 gradus
427 1270 592 1341 facti,
620 1281 688 1331 ut
728 1277 922 1352 neque
957 1274 1245 1338 exclusus
1272 1275 1587 1354 quisquam
1628 1272 1907 1353 suffragio
1935 1270 2189 1331 videre·

180 1355 298 1419 tur,
350 1355 412 1408 et
465 1351 556 1411 vis
595 1352 786 1411 omnis
825 1359 1010 1444 penes
1051 1353 1335 1433 primores
1376 1354 1637 1415 civitatis
1672 1353 1851 1413 esset.
1929 1349 2191 1429 Equites

181 1428 338 1488 enim
366 1434 730 1491 vocabantur
765 1432 982 1512 primi3
1021 1434 1323 1514 octoginta
1360 1433 1501 1493 inde
1540 1433 1748 1514 primae
1788 1429 1997 1491 classis
2038 1449 2189 1491 cen-

179 1507 356 1569 turiae
383 1530 400 1581 ;
440 1511 522 1571 ibi
543 1511 600 1571 si
619 1511 891 1586 variaret,
953 1513 1074 1571 uod
1100 1516 1235 1573 rar&
1262 1513 1582 1583 incidebat,
1608 1519 1678 1573 ut
1716 1510 1995 1571 secundae
2026 1509 2189 1579 clas-

58 1613 69 1622 *
183 1588 268 1649 sis
310 1600 699 1661 vocarentur3
745 1612 879 1651 ‘nec
943 1612 1044 1653 ere
1085 1612 1349 1671 unquam
1405 1592 1561 1652 infr&
1594 1593 1688 1651 -ita
1726 1589 2189 1662 descenderent,

180 1676 252 1728 ut
290 1670 366 1729 ad
406 1670 640 1732 infimos
666 1670 1064 1753 pervenirent.
1143 1672 1280 1734 Nec
1306 1672 1506 1733 mirari
1546 1677 1796 1753 oportet,-
1822 1670 1979 1730 hunc
2020 1670 2191 1730 ordi·

179 1768 338 1818 nem,
381 1750 484 1828 qui
510 1769 670 1810 nunc
711 1758 820 1820 est,
849 1752 1274 1832 postcxpletas
1314 1752 1579 1832 quinque
1606 1758 1670 1811 et
1706 1750 1948 1831 triginta
1973 1748 2191 1819 tribuS,

145 1843 152 1869 '-
182 1826 488 1908 duplicato
535 1852 739 1891 earum
777 1848 1040 1901 numero,
1085 1832 1369 1893 centuriis
1400 1832 1705 1911 juniorum
1744 1828 2189 1909 seniorumque,

146 1872 156 1925 ι
180 1906 259 1968 ad
287 1908 616 1971 institutam
643 1913 718 1974 ab
746 1912 870 1970 Ser.
899 1910 1102 1971 Tullio
1129 1932 1415 1971 summam
1442 1930 1563 1970 non
1592 1908 1949 1971 convenire:
1990 1910 2188 1989 quad-

183 1987 444 2048 rifariam
486 1990 642 2051 enim
691 1993 834 2051 urbe
875 1990 1067 2050 divisa
1107 1992 1442 2073 regionibus
1468 1990 1853 2067 collibusque,
1893 2006 2031 2077 quae
2075 1988 2189 2050 ha-

182 2067 519 2129 bitabantur
543 2077 762 2150 partes,
789 2070 1010 2131 Tribus
1037 2091 1138 2131 eas
1163 2070 1523 2151 appellavit3
1582 2075 1652 2134 ut
1677 2088 1785 2149 ego
1812 2068 2079 2135 arbitror,
2106 2070 2190 2135 ab

183 2146 405 2209 tributo
427 2169 446 2220 ;
485 2170 622 2211 nam
645 2152 772 2231 ejus
799 2170 1036 2230 quoque
1062 2149 1377 2231 aequaliter
1405 2169 1480 2217 ex
1506 2170 1693 2216 censu
1721 2146 2065 2208 conferendi
2106 2150 2189 2209 ab

182 2229 391 2289 eodem
431 2228 581 2291 inita
623 2230 774 2291 ratio
812 2236 922 2292 est.
1023 2232 1241 2310 Neque
1281 2231 1376 2293 hae
1416 2230 1605 2291 tribus
1646 2228 1722 2290 ad
1776 2226 2185 2289 centuriarum

185 2307 654 2371 distributionem
681 2330 1112 2389 numerumque
1139 2310 1461 2391 quicquam
1485 2310 1843 2391 pertinuere.

262 2389 486 2449 XLIV.
528 2391 728 2450 Censu
795 2390 1078 2470 perfecto,
1118 2403 1295 2469 quem
1347 2396 1749 2452 maturaverat
1816 2392 1977 2451 metu
2029 2387 2192 2469 legis-

121 2494 128 2499 ·
184 2468 261 2529 de
305 2468 568 2535 incensis
607 2470 747 2530 latae
789 2489 924 2529 cum
963 2470 1339 2531 vinculorum
1380 2470 1555 2531 minis
1594 2469 1935 2549 mortisque,
1976 2467 2185 2539 edixit,

180 2554 250 2607 ut
276 2567 480 2611 omnes
522 2550 684 2611 cives
725 2550 993 2619 Romani,
1020 2550 1251 2629 equites
1279 2551 1650 2631 peditesque,
1675 2550 1738 2611 in
1779 2547 1903 2609 suis
1928 2547 2185 2641 quisque

105 2654 111 2658 ·
182 2629 487 2699 centuriis,
527 2628 590 2689 in
631 2650 838 2711 campo
865 2630 1100 2709 =Martio
1139 2630 1332 2711 prims.
1374 2631 1510 2691 luce
1548 2631 1847 2691 adessent.
1954 2627 2047 2687 Ibi
2084 2647 2185 2687 111·

151 2708 477 2770 “structu'm
519 2710 842 2784 exercitum
881 2730 1114 2771 omnem
1155 2708 1649 2773 suovetaurilibus
1686 2707 2006 2778 lustravit3
2084 2706 2185 2767 id·-

221 2808 299 2848 ue
340 2790 643 2853 conditum
700 2791 952 2851 lustrum
993 2790 1375 2871 appellatum,
1412 2790 1553 2869 quia
1610 2788 1664 2849 is
1704 2786 2003 2849 censendo
2042 2786 2187 2849 finis

179 2809 377 2929 Eletus
417 2877 527 2931 est.
608 2870 808 2931 Millia
835 2870 1131 2953 octoginta
1171 2892 1242 2931 eo
1269 2872 1459 2931 lustro
1499 2869 1719 2931 civium
1747 2885 1928 2927 censa
1966 2865 2183 2928 dicun-

180 2954 299 3017 tur.
392 2951 623 3031 Adjicit
689 2951 1039 3033 scriptorum
1079 2950 1525 3031 antiquissimus
1564 2952 1615 3009 1³·
1651 2948 1783 3010 bius
1822 2948 2043 3015 Pictor,
2078 2965 2183 3006 eo-

147 3050 330 3104 rum,
357 3030 462 3110 qui
488 3031 643 3092 ferre
669 3052 830 3093 arma
855 3036 1118 3111 possent,
1144 3050 1280 3092 eum
1305 3051 1485 3091 nume
1532 3060 1535 3063 ⁴
1641 3029 1845 3089 fuisse.
1924 3026 2026 3087 Ad
2048 3046 2183 3087 eam

180 3110 624 3176 multitudinem
666 3114 806 3172 urbs
845 3130 1083 3191 quoque
1121 3109 1541 3191 amplificanda
1588 3107 1717 3169 visa
1756 3114 1867 3169 est.
1986 3105 2185 3187 Addit

166 3191 332 3251 duos
359 3191 560 3262 colles),
602 3190 967 3267 Quirinalem
1007 3190 1526 3269 Viminalemque3
1563 3188 1707 3248 inde
1746 3188 2033 3273 deinceps
2072 3206 2183 3247 au-

179 3278 276 3351 get
295 3271 598 3351 Esquilias
618 3292 638 3341 3
677 3270 874 3351 ibique
891 3272 1038 3352 ipse,
1053 3277 1124 3331 ut
1134 3270 1267 3331 loco
1284 3269 1545 3350 dignitas
1558 3268 1749 3337 fieret,
1768 3267 2010 3329 habitat.
2048 3268 2181 3344 Ag-

260 3371 320 3410 re
339 3359 402 3412 et
425 3350 601 3412 fossis
627 3358 692 3426 e&
715 3372 882 3412 muro
899 3350 1233 3411 circumdat
1256 3350 1497 3419 urbem-3
1535 3348 1622 3412 ita
1656 3334 2005 3431 pomoeri‘um
2042 3364 2180 3435 pro·-

205 3436 314 3489 ert.
392 3428 773 3503 Pomoerium,
791 3430 956 3493 verbi
977 3430 1095 3489 vim
1114 3430 1299 3491 solam
1322 3428 1643 3499 intuentem
1658 3426 2060 3511 postmoefium
2080 3441 2177 3481 m-

181 3513 588 3588 terpretantur
615 3533 764 3574 esse.
803 3513 915 3571 Est
931 3516 1131 3571 autem
1153 3508 1345 3589 magis
1366 3508 1528 3570 circa
1541 3526 1775 3571 murum
1796 3508 1981 3571 locus)
1998 3522 2181 3581 quem

182 3587 244 3646 in
272 3589 599 3657 condendis
639 3593 883 3655 urbibus
909 3590 1210 3669 quondam
1249 3588 1511 3661 Etrusci,
1534 3596 1657 3671 qus,
1680 3600 1911 3649 murum
1938 3582 2181 3645 ducturi

184 3673 376 3739 erant,
396 3668 578 3731 certis
606 3670 768 3735 circa
804 3669 1074 3736 terminis
1099 3667 1455 3752 inaugurato
1478 3668 1938 3737 consembanu
1975 3668 2047 3727 ut
2070 3684 2179 3727 ne·
