<?xml version="1.0" encoding="UTF-8"?>
<!DOCTYPE html PUBLIC "-//W3C//DTD XHTML 1.0 Transitional//EN"
    "http://www.w3.org/TR/xhtml1/DTD/xhtml1-transitional.dtd">
<html xmlns="http://www.w3.org/1999/xhtml" xml:lang="en" lang="en">
 <head>
  <title>
</title>
<meta http-equiv="Content-Type" content="text/html;charset=utf-8" />
  <meta name='ocr-system' content='tesseract 3.04.00' />
  <meta name='ocr-capabilities' content='ocr_page ocr_carea ocr_par ocr_line ocrx_word'/>
</head>
<body>
  <div class='ocr_page' id='page_1' title='image "./titiliviipatavi00livigoog_0230.png"; bbox 0 0 2400 4109; ppageno 0'>
   <div class='ocr_carea' id='block_1_1' title="bbox 212 197 1372 262">
    <p class='ocr_par' dir='ltr' id='par_1_1' title="bbox 212 197 1372 262">
     <span class='ocr_line' id='line_1_1' title="bbox 212 197 1372 262; baseline -0.002 -2"><span class='ocrx_word' id='word_1_1' title='bbox 212 201 324 262; x_wconf 77' lang='lat'><strong>196</strong></span> <span class='ocrx_word' id='word_1_2' title='bbox 1049 197 1128 258; x_wconf 84' lang='lat' dir='ltr'><strong>T.</strong></span> <span class='ocrx_word' id='word_1_3' title='bbox 1155 197 1372 258; x_wconf 86' lang='lat' dir='ltr'><strong>LIVII</strong></span> 
     </span>
    </p>
   </div>
   <div class='ocr_carea' id='block_1_2' title="bbox 183 353 2363 3885">
    <p class='ocr_par' dir='ltr' id='par_1_2' title="bbox 183 353 2363 3885">
     <span class='ocr_line' id='line_1_2' title="bbox 193 353 2215 440; baseline -0.002 -22"><span class='ocrx_word' id='word_1_4' title='bbox 193 353 770 440; x_wconf 70' lang='lat' dir='ltr'><strong>jussu&#39;indiceretur</strong></span> <span class='ocrx_word' id='word_1_5' title='bbox 814 357 1056 428; x_wconf 86' lang='lat' dir='ltr'><strong>bellum,</strong></span> <span class='ocrx_word' id='word_1_6' title='bbox 1103 377 1180 418; x_wconf 86' lang='lat' dir='ltr'><strong>an</strong></span> <span class='ocrx_word' id='word_1_7' title='bbox 1230 356 1383 417; x_wconf 82' lang='lat' dir='ltr'><strong>satis</strong></span> <span class='ocrx_word' id='word_1_8' title='bbox 1420 364 1582 418; x_wconf 83' lang='lat' dir='ltr'><strong>esset</strong></span> <span class='ocrx_word' id='word_1_9' title='bbox 1609 359 2215 420; x_wconf 65' lang='lat' dir='ltr'><strong>senatusconsultum.</strong></span> 
     </span>
     <span class='ocr_line' id='line_1_3' title="bbox 206 436 2215 518; baseline -0.001 -18"><span class='ocrx_word' id='word_1_10' title='bbox 206 441 524 500; x_wconf 82' lang='lat' dir='ltr'><strong>Pervicere</strong></span> <span class='ocrx_word' id='word_1_11' title='bbox 550 437 793 509; x_wconf 89' lang='lat' dir='ltr'><strong>tribuni,</strong></span> <span class='ocrx_word' id='word_1_12' title='bbox 822 437 1241 504; x_wconf 83' lang='lat' dir='ltr'><strong>denunciando</strong></span> <span class='ocrx_word' id='word_1_13' title='bbox 1263 436 1655 518; x_wconf 79' lang='lat' dir='ltr'><strong>impedituros</strong></span> <span class='ocrx_word' id='word_1_14' title='bbox 1683 457 1748 497; x_wconf 87' lang='lat' dir='ltr'><strong>se</strong></span> <span class='ocrx_word' id='word_1_15' title='bbox 1792 439 2120 509; x_wconf 80' lang='lat' dir='ltr'><strong>delectum,</strong></span> <span class='ocrx_word' id='word_1_16' title='bbox 2147 445 2215 498; x_wconf 85' lang='lat' dir='ltr'><strong>ut</strong></span> 
     </span>
     <span class='ocr_line' id='line_1_4' title="bbox 207 517 2211 602; baseline 0.001 -24"><span class='ocrx_word' id='word_1_17' title='bbox 207 520 483 582; x_wconf 82' lang='lat' dir='ltr'><strong>consules</strong></span> <span class='ocrx_word' id='word_1_18' title='bbox 510 519 588 580; x_wconf 89' lang='lat' dir='ltr'><strong>de</strong></span> <span class='ocrx_word' id='word_1_19' title='bbox 613 519 771 580; x_wconf 90' lang='lat' dir='ltr'><strong>bello</strong></span> <span class='ocrx_word' id='word_1_20' title='bbox 796 518 875 580; x_wconf 88' lang='lat' dir='ltr'><strong>ad</strong></span> <span class='ocrx_word' id='word_1_21' title='bbox 901 517 1185 598; x_wconf 89' lang='lat' dir='ltr'><strong>populum</strong></span> <span class='ocrx_word' id='word_1_22' title='bbox 1213 517 1445 578; x_wconf 88' lang='lat' dir='ltr'><strong>ferrent</strong></span> <span class='ocrx_word' id='word_1_23' title='bbox 1472 537 1491 590; x_wconf 81' lang='lat'><em>3</em></span> <span class='ocrx_word' id='word_1_24' title='bbox 1532 538 1739 578; x_wconf 89' lang='lat' dir='ltr'><strong>omnes</strong></span> <span class='ocrx_word' id='word_1_25' title='bbox 1769 519 2056 580; x_wconf 80' lang='lat' dir='ltr'><strong>centurioe</strong></span> <span class='ocrx_word' id='word_1_26' title='bbox 2076 522 2211 602; x_wconf 83' lang='lat' dir='ltr'><strong>jus-</strong></span> 
     </span>
     <span class='ocr_line' id='line_1_5' title="bbox 207 595 2362 680; baseline 0.001 -22"><span class='ocrx_word' id='word_1_27' title='bbox 207 619 357 659; x_wconf 85' lang='lat' dir='ltr'><strong>sere.</strong></span> <span class='ocrx_word' id='word_1_28' title='bbox 439 601 515 662; x_wconf 93' lang='lat' dir='ltr'><strong>In</strong></span> <span class='ocrx_word' id='word_1_29' title='bbox 543 619 614 661; x_wconf 88' lang='lat' dir='ltr'><strong>eo</strong></span> <span class='ocrx_word' id='word_1_30' title='bbox 641 617 876 678; x_wconf 90' lang='lat' dir='ltr'><strong>quoque</strong></span> <span class='ocrx_word' id='word_1_31' title='bbox 901 597 1069 678; x_wconf 83' lang='lat' dir='ltr'><strong>plebs</strong></span> <span class='ocrx_word' id='word_1_32' title='bbox 1098 597 1365 677; x_wconf 83' lang='lat' dir='ltr'>superior</span> <span class='ocrx_word' id='word_1_33' title='bbox 1391 595 1526 668; x_wconf 87' lang='lat' dir='ltr'><strong>fuit,</strong></span> <span class='ocrx_word' id='word_1_34' title='bbox 1548 598 1715 677; x_wconf 79' lang='lat' dir='ltr'><strong>quod</strong></span> <span class='ocrx_word' id='word_1_35' title='bbox 1732 595 1943 669; x_wconf 70' lang='lat' dir='ltr'><strong>tenuit,</strong></span> <span class='ocrx_word' id='word_1_36' title='bbox 1965 620 2042 660; x_wconf 90' lang='lat' dir='ltr'><strong>ne</strong></span> <span class='ocrx_word' id='word_1_37' title='bbox 2068 622 2212 662; x_wconf 85' lang='lat' dir='ltr'><strong>con·</strong></span> <span class='ocrx_word' id='word_1_38' title='bbox 2361 657 2362 680; x_wconf 30' lang='lat'>1</span> 
     </span>
     <span class='ocr_line' id='line_1_6' title="bbox 206 679 2363 762; baseline -0.002 -24"><span class='ocrx_word' id='word_1_39' title='bbox 206 679 368 740; x_wconf 75' lang='lat' dir='ltr'><strong>sules</strong></span> <span class='ocrx_word' id='word_1_40' title='bbox 394 681 460 740; x_wconf 90' lang='lat' dir='ltr'><strong>in</strong></span> <span class='ocrx_word' id='word_1_41' title='bbox 489 679 819 762; x_wconf 85' lang='lat' dir='ltr'><strong>proximum</strong></span> <span class='ocrx_word' id='word_1_42' title='bbox 847 690 1070 738; x_wconf 87' lang='lat' dir='ltr'><strong>annum</strong></span> <span class='ocrx_word' id='word_1_43' title='bbox 1099 681 1467 738; x_wconf 79' lang='lat' dir='ltr'><strong>crearentur.</strong></span> <span class='ocrx_word' id='word_1_44' title='bbox 1866 698 1887 711; x_wconf 60' lang='grc'><em>’</em></span> <span class='ocrx_word' id='word_1_45' title='bbox 2054 687 2062 694; x_wconf 87' lang='grc'><em>·</em></span> <span class='ocrx_word' id='word_1_46' title='bbox 2357 685 2363 758; x_wconf 61' lang='lat' dir='ltr'>j</span> 
     </span>
     <span class='ocr_line' id='line_1_7' title="bbox 285 755 2362 838; baseline 0 -18"><span class='ocrx_word' id='word_1_47' title='bbox 285 761 512 822; x_wconf 85' lang='lat' dir='ltr'><strong>XXXI.</strong></span> <span class='ocrx_word' id='word_1_48' title='bbox 553 757 804 818; x_wconf 82' lang='lat' dir='ltr'>Tribuni</span> <span class='ocrx_word' id='word_1_49' title='bbox 836 755 1092 820; x_wconf 86' lang='lat' dir='ltr'><strong>militum</strong></span> <span class='ocrx_word' id='word_1_50' title='bbox 1121 757 1755 838; x_wconf 75' lang='lat' dir='ltr'><strong>consularipotestate</strong></span> <span class='ocrx_word' id='word_1_51' title='bbox 1781 755 2037 838; x_wconf 77' lang='lat' dir='ltr'><strong>quatuor</strong></span> <span class='ocrx_word' id='word_1_52' title='bbox 2080 782 2210 820; x_wconf 88' lang='lat' dir='ltr'><strong>cre·</strong></span> <span class='ocrx_word' id='word_1_53' title='bbox 2360 761 2362 782; x_wconf 79' lang='lat'><em>²</em></span> 
     </span>
     <span class='ocr_line' id='line_1_8' title="bbox 203 835 2209 914; baseline 0 -13"><span class='ocrx_word' id='word_1_54' title='bbox 203 843 310 902; x_wconf 74' lang='lat' dir='ltr'><strong>ati·</strong></span> <span class='ocrx_word' id='word_1_55' title='bbox 338 847 496 909; x_wconf 86' lang='lat' dir='ltr'><strong>sunt,</strong></span> <span class='ocrx_word' id='word_1_56' title='bbox 537 840 615 898; x_wconf 90' lang='grc' dir='ltr'><strong>Τ.</strong></span> <span class='ocrx_word' id='word_1_57' title='bbox 643 837 964 914; x_wconf 84' lang='lat' dir='ltr'><strong>Quinctius</strong></span> <span class='ocrx_word' id='word_1_58' title='bbox 987 838 1233 898; x_wconf 87' lang='lat' dir='ltr'><strong>Pennus</strong></span> <span class='ocrx_word' id='word_1_59' title='bbox 1261 857 1337 898; x_wconf 83' lang='lat' dir='ltr'><strong>ex</strong></span> <span class='ocrx_word' id='word_1_60' title='bbox 1364 837 1699 908; x_wconf 80' lang='lat' dir='ltr'><strong>consulatu,</strong></span> <span class='ocrx_word' id='word_1_61' title='bbox 1749 839 1820 898; x_wconf 92' lang='lat' dir='ltr'><strong>C.</strong></span> <span class='ocrx_word' id='word_1_62' title='bbox 1848 839 2089 911; x_wconf 76' lang='lat' dir='ltr'><strong>FuriuS,</strong></span> <span class='ocrx_word' id='word_1_63' title='bbox 2118 835 2209 901; x_wconf 88' lang='grc' dir='ltr'><strong>Μ.</strong></span> 
     </span>
     <span class='ocr_line' id='line_1_9' title="bbox 203 916 2207 999; baseline 0 -18"><span class='ocrx_word' id='word_1_64' title='bbox 203 920 567 988; x_wconf 75' lang='lat' dir='ltr'><strong>PostumiuS,</strong></span> <span class='ocrx_word' id='word_1_65' title='bbox 597 920 674 978; x_wconf 90' lang='lat' dir='ltr'><strong>A.</strong></span> <span class='ocrx_word' id='word_1_66' title='bbox 703 917 1024 984; x_wconf 87' lang='lat' dir='ltr'><strong>Cornelius</strong></span> <span class='ocrx_word' id='word_1_67' title='bbox 1052 919 1279 977; x_wconf 79' lang='lat' dir='ltr'><strong>Cossus</strong></span> <span class='ocrx_word' id='word_1_68' title='bbox 1308 919 1441 988; x_wconf 58' lang='lat' dir='ltr'><strong>32²‘ex</strong></span> <span class='ocrx_word' id='word_1_69' title='bbox 1466 916 1541 977; x_wconf 88' lang='lat' dir='ltr'><strong>iis</strong></span> <span class='ocrx_word' id='word_1_70' title='bbox 1584 918 1811 978; x_wconf 79' lang='lat' dir='ltr'><strong>Cossus</strong></span> <span class='ocrx_word' id='word_1_71' title='bbox 1840 919 2084 999; x_wconf 87' lang='lat' dir='ltr'><strong>praefuit</strong></span> <span class='ocrx_word' id='word_1_72' title='bbox 2110 943 2207 982; x_wconf 86' lang='lat' dir='ltr'><strong>ur-</strong></span> 
     </span>
     <span class='ocr_line' id='line_1_10' title="bbox 202 995 2207 1080; baseline 0.001 -20"><span class='ocrx_word' id='word_1_73' title='bbox 202 1000 262 1060; x_wconf 90' lang='lat' dir='ltr'><strong>bi</strong></span> <span class='ocrx_word' id='word_1_74' title='bbox 289 1021 309 1073; x_wconf 82' lang='lat'>3</span> <span class='ocrx_word' id='word_1_75' title='bbox 349 1007 492 1070; x_wconf 73' lang='lat' dir='ltr'><strong>treS,</strong></span> <span class='ocrx_word' id='word_1_76' title='bbox 519 995 1006 1067; x_wconf 61' lang='lat' dir='ltr'><strong>delectuffiabito,</strong></span> <span class='ocrx_word' id='word_1_77' title='bbox 1033 997 1286 1079; x_wconf 79' lang='lat' dir='ltr'><strong>profecti</strong></span> <span class='ocrx_word' id='word_1_78' title='bbox 1314 1004 1455 1060; x_wconf 88' lang='lat' dir='ltr'><strong>sunt</strong></span> <span class='ocrx_word' id='word_1_79' title='bbox 1480 999 1683 1078; x_wconf 88' lang='lat' dir='ltr'><strong>Vejos,</strong></span> <span class='ocrx_word' id='word_1_80' title='bbox 1725 999 2207 1080; x_wconf 83' lang='lat' dir='ltr'><strong>documentoque</strong></span> 
     </span>
     <span class='ocr_line' id='line_1_11' title="bbox 183 1071 2280 1162; baseline 0.002 -23"><span class='ocrx_word' id='word_1_81' title='bbox 183 1071 388 1150; x_wconf 72' lang='lat' dir='ltr'><strong>‘fuer-e,</strong></span> <span class='ocrx_word' id='word_1_82' title='bbox 441 1083 622 1160; x_wconf 71' lang='lat' dir='ltr'><strong>quam</strong></span> <span class='ocrx_word' id='word_1_83' title='bbox 666 1079 926 1162; x_wconf 86' lang='lat' dir='ltr'><strong>plurium</strong></span> <span class='ocrx_word' id='word_1_84' title='bbox 968 1077 1281 1159; x_wconf 88' lang='lat' dir='ltr'><strong>imperium</strong></span> <span class='ocrx_word' id='word_1_85' title='bbox 1308 1077 1467 1138; x_wconf 89' lang='lat' dir='ltr'><strong>bello</strong></span> <span class='ocrx_word' id='word_1_86' title='bbox 1514 1077 1732 1140; x_wconf 84' lang='lat' dir='ltr'><strong>inutile</strong></span> <span class='ocrx_word' id='word_1_87' title='bbox 1786 1086 1962 1141; x_wconf 84' lang='lat' dir='ltr'><strong>esset.</strong></span> <span class='ocrx_word' id='word_1_88' title='bbox 2046 1083 2211 1143; x_wconf 89' lang='lat' dir='ltr'><strong>Ten·</strong></span> <span class='ocrx_word' id='word_1_89' title='bbox 2276 1127 2280 1134; x_wconf 30' lang='grc' dir='ltr'><strong><em>ι</em></strong></span> 
     </span>
     <span class='ocr_line' id='line_1_12' title="bbox 201 1155 2362 1240; baseline 0.001 -21"><span class='ocrx_word' id='word_1_90' title='bbox 201 1161 401 1220; x_wconf 85' lang='lat' dir='ltr'><strong>dendo</strong></span> <span class='ocrx_word' id='word_1_91' title='bbox 429 1161 507 1220; x_wconf 88' lang='lat' dir='ltr'><strong>ad</strong></span> <span class='ocrx_word' id='word_1_92' title='bbox 556 1180 666 1220; x_wconf 88' lang='lat' dir='ltr'><strong>sua</strong></span> <span class='ocrx_word' id='word_1_93' title='bbox 693 1159 949 1240; x_wconf 88' lang='lat' dir='ltr'><strong>quisque</strong></span> <span class='ocrx_word' id='word_1_94' title='bbox 997 1158 1268 1227; x_wconf 89' lang='lat' dir='ltr'><strong>consilia,</strong></span> <span class='ocrx_word' id='word_1_95' title='bbox 1322 1178 1505 1237; x_wconf 92' lang='lat' dir='ltr'><strong>quum</strong></span> <span class='ocrx_word' id='word_1_96' title='bbox 1534 1159 1700 1219; x_wconf 86' lang='lat' dir='ltr'><strong>aliud</strong></span> <span class='ocrx_word' id='word_1_97' title='bbox 1749 1159 1856 1219; x_wconf 86' lang='lat' dir='ltr'><strong>alii</strong></span> <span class='ocrx_word' id='word_1_98' title='bbox 1882 1158 2212 1231; x_wconf 82' lang='lat' dir='ltr'><strong>videretur,</strong></span> <span class='ocrx_word' id='word_1_99' title='bbox 2361 1155 2362 1162; x_wconf 9' lang='grc' dir='ltr'>ἵ</span> 
     </span>
     <span class='ocr_line' id='line_1_13' title="bbox 199 1237 2211 1322; baseline 0.002 -24"><span class='ocrx_word' id='word_1_100' title='bbox 199 1260 236 1298; x_wconf 80' lang='lat' dir='ltr'><strong>a</strong></span> <span class='ocrx_word' id='word_1_101' title='bbox 257 1244 586 1320; x_wconf 82' lang='lat' dir='ltr'><strong>peruerunt</strong></span> <span class='ocrx_word' id='word_1_102' title='bbox 632 1239 708 1300; x_wconf 86' lang='lat' dir='ltr'><strong>ad</strong></span> <span class='ocrx_word' id='word_1_103' title='bbox 739 1240 1109 1300; x_wconf 84' lang='lat' dir='ltr'><strong>occasionem</strong></span> <span class='ocrx_word' id='word_1_104' title='bbox 1137 1238 1337 1298; x_wconf 88' lang='lat' dir='ltr'><strong>locum</strong></span> <span class='ocrx_word' id='word_1_105' title='bbox 1364 1237 1519 1298; x_wconf 84' lang='lat' dir='ltr'><strong>hosti</strong></span> <span class='ocrx_word' id='word_1_106' title='bbox 1546 1257 1563 1308; x_wconf 83' lang='lat'>3</span> <span class='ocrx_word' id='word_1_107' title='bbox 1603 1239 1895 1300; x_wconf 79' lang='lat' dir='ltr'><strong>incertam</strong></span> <span class='ocrx_word' id='word_1_108' title='bbox 1946 1259 2211 1322; x_wconf 87' lang='lat' dir='ltr'><strong>namque</strong></span> 
     </span>
     <span class='ocr_line' id='line_1_14' title="bbox 197 1317 2204 1401; baseline 0.001 -21"><span class='ocrx_word' id='word_1_109' title='bbox 197 1323 406 1389; x_wconf 84' lang='lat' dir='ltr'><strong>aciem,</strong></span> <span class='ocrx_word' id='word_1_110' title='bbox 436 1321 668 1400; x_wconf 89' lang='lat' dir='ltr'><strong>signum</strong></span> <span class='ocrx_word' id='word_1_111' title='bbox 697 1320 832 1380; x_wconf 88' lang='lat' dir='ltr'><strong>aliis</strong></span> <span class='ocrx_word' id='word_1_112' title='bbox 861 1317 992 1378; x_wconf 88' lang='lat' dir='ltr'><strong>dari</strong></span> <span class='ocrx_word' id='word_1_113' title='bbox 1039 1317 1325 1397; x_wconf 84' lang='lat' dir='ltr'><strong>receptui,</strong></span> <span class='ocrx_word' id='word_1_114' title='bbox 1380 1317 1513 1378; x_wconf 87' lang='lat' dir='ltr'><strong>aliis</strong></span> <span class='ocrx_word' id='word_1_115' title='bbox 1526 1319 1676 1378; x_wconf 74' lang='lat' dir='ltr'><strong>-cani</strong></span> <span class='ocrx_word' id='word_1_116' title='bbox 1694 1319 2068 1401; x_wconf 81' lang='lat' dir='ltr'><strong>jubentibuS,</strong></span> <span class='ocrx_word' id='word_1_117' title='bbox 2112 1324 2204 1382; x_wconf 83' lang='lat' dir='ltr'><strong>in-</strong></span> 
     </span>
     <span class='ocr_line' id='line_1_15' title="bbox 199 1398 2207 1490; baseline 0.001 -30"><span class='ocrx_word' id='word_1_118' title='bbox 199 1420 409 1460; x_wconf 74' lang='lat' dir='ltr'><strong>vasere</strong></span> <span class='ocrx_word' id='word_1_119' title='bbox 463 1400 792 1481; x_wconf 70' lang='lat' dir='ltr'><strong>opportune</strong></span> <span class='ocrx_word' id='word_1_120' title='bbox 844 1399 1178 1478; x_wconf 77' lang='lat' dir='ltr'><strong>Vejentest</strong></span> <span class='ocrx_word' id='word_1_121' title='bbox 1224 1403 1427 1474; x_wconf 40' lang='lat' dir='ltr'><strong>castra·</strong></span> <span class='ocrx_word' id='word_1_122' title='bbox 1446 1398 1780 1490; x_wconf 87' lang='lat' dir='ltr'><strong>propinqua</strong></span> <span class='ocrx_word' id='word_1_123' title='bbox 1821 1404 2093 1462; x_wconf 79' lang='lat' dir='ltr'><strong>turbatos</strong></span> <span class='ocrx_word' id='word_1_124' title='bbox 2137 1423 2207 1463; x_wconf 83' lang='lat' dir='ltr'><strong>ac</strong></span> 
     </span>
     <span class='ocr_line' id='line_1_16' title="bbox 199 1477 2207 1562; baseline 0.001 -22"><span class='ocrx_word' id='word_1_125' title='bbox 199 1487 368 1562; x_wconf 81' lang='lat' dir='ltr'><strong>terga</strong></span> <span class='ocrx_word' id='word_1_126' title='bbox 421 1479 634 1540; x_wconf 87' lang='lat' dir='ltr'><strong>dantes</strong></span> <span class='ocrx_word' id='word_1_127' title='bbox 683 1499 968 1558; x_wconf 87' lang='lat' dir='ltr'><strong>accepere</strong></span> <span class='ocrx_word' id='word_1_128' title='bbox 997 1487 1015 1548; x_wconf 81' lang='lat'><strong>&#39;3</strong></span> <span class='ocrx_word' id='word_1_129' title='bbox 1055 1477 1192 1558; x_wconf 90' lang='lat' dir='ltr'><strong>plus</strong></span> <span class='ocrx_word' id='word_1_130' title='bbox 1220 1477 1425 1556; x_wconf 85' lang='lat' dir='ltr'><strong>itaque</strong></span> <span class='ocrx_word' id='word_1_131' title='bbox 1452 1478 1817 1558; x_wconf 70' lang='lat' dir='ltr'><strong>ignominiae,</strong></span> <span class='ocrx_word' id='word_1_132' title='bbox 1868 1483 2051 1559; x_wconf 68' lang='lat' dir='ltr'><strong>quam</strong></span> <span class='ocrx_word' id='word_1_133' title='bbox 2082 1483 2207 1544; x_wconf 79' lang='lat' dir='ltr'><strong>cla·</strong></span> 
     </span>
     <span class='ocr_line' id='line_1_17' title="bbox 197 1557 2209 1640; baseline 0.002 -21"><span class='ocrx_word' id='word_1_134' title='bbox 197 1560 311 1630; x_wconf 84' lang='lat' dir='ltr'><strong>dis,</strong></span> <span class='ocrx_word' id='word_1_135' title='bbox 335 1567 429 1622; x_wconf 83' lang='lat' dir='ltr'><strong>est</strong></span> <span class='ocrx_word' id='word_1_136' title='bbox 450 1566 781 1640; x_wconf 88' lang='lat' dir='ltr'><strong>acceptum.</strong></span> <span class='ocrx_word' id='word_1_137' title='bbox 844 1559 1096 1619; x_wconf 82' lang='lat' dir='ltr'><strong>&#39;Moesta</strong></span> <span class='ocrx_word' id='word_1_138' title='bbox 1123 1557 1337 1619; x_wconf 82' lang='lat' dir='ltr'><strong>civitas</strong></span> <span class='ocrx_word' id='word_1_139' title='bbox 1362 1557 1495 1626; x_wconf 85' lang='lat' dir='ltr'><strong>fuit,</strong></span> <span class='ocrx_word' id='word_1_140' title='bbox 1538 1558 1699 1618; x_wconf 87' lang='lat' dir='ltr'><strong>vinci</strong></span> <span class='ocrx_word' id='word_1_141' title='bbox 1719 1561 1992 1620; x_wconf 82' lang='lat' dir='ltr'><strong>insueta:</strong></span> <span class='ocrx_word' id='word_1_142' title='bbox 2046 1561 2209 1624; x_wconf 85' lang='lat' dir='ltr'><strong>odis·</strong></span> 
     </span>
     <span class='ocr_line' id='line_1_18' title="bbox 199 1637 2205 1720; baseline 0.001 -20"><span class='ocrx_word' id='word_1_143' title='bbox 199 1660 264 1700; x_wconf 81' lang='lat' dir='ltr'><strong>se</strong></span> <span class='ocrx_word' id='word_1_144' title='bbox 292 1637 589 1709; x_wconf 67' lang='lat' dir='ltr'><strong>tribunoS,</strong></span> <span class='ocrx_word' id='word_1_145' title='bbox 619 1657 866 1720; x_wconf 85' lang='lat' dir='ltr'><strong>poscere</strong></span> <span class='ocrx_word' id='word_1_146' title='bbox 909 1637 1283 1712; x_wconf 81' lang='lat' dir='ltr'><strong>dictatorem,</strong></span> <span class='ocrx_word' id='word_1_147' title='bbox 1330 1637 1391 1697; x_wconf 91' lang='lat' dir='ltr'><strong>in</strong></span> <span class='ocrx_word' id='word_1_148' title='bbox 1441 1657 1511 1698; x_wconf 88' lang='lat' dir='ltr'><strong>eo</strong></span> <span class='ocrx_word' id='word_1_149' title='bbox 1538 1639 1693 1698; x_wconf 84' lang='lat' dir='ltr'><strong>verti</strong></span> <span class='ocrx_word' id='word_1_150' title='bbox 1735 1659 1872 1719; x_wconf 85' lang='lat' dir='ltr'><strong>spes</strong></span> <span class='ocrx_word' id='word_1_151' title='bbox 1900 1639 2205 1714; x_wconf 83' lang='lat' dir='ltr'><strong>civitatis;</strong></span> 
     </span>
     <span class='ocr_line' id='line_1_19' title="bbox 199 1719 2206 1801; baseline 0.002 -21"><span class='ocrx_word' id='word_1_152' title='bbox 199 1719 264 1781; x_wconf 84' lang='lat' dir='ltr'><strong>et</strong></span> <span class='ocrx_word' id='word_1_153' title='bbox 289 1741 472 1801; x_wconf 88' lang='lat' dir='ltr'><strong>quum</strong></span> <span class='ocrx_word' id='word_1_154' title='bbox 520 1721 602 1780; x_wconf 87' lang='lat' dir='ltr'><strong>ibi</strong></span> <span class='ocrx_word' id='word_1_155' title='bbox 673 1739 867 1798; x_wconf 86' lang='lat' dir='ltr'><strong>uoque</strong></span> <span class='ocrx_word' id='word_1_156' title='bbox 897 1719 1104 1800; x_wconf 84' lang='lat' dir='ltr'><strong>religio</strong></span> <span class='ocrx_word' id='word_1_157' title='bbox 1132 1721 1413 1787; x_wconf 86' lang='lat' dir='ltr'><strong>obstaret,</strong></span> <span class='ocrx_word' id='word_1_158' title='bbox 1466 1738 1542 1778; x_wconf 86' lang='lat' dir='ltr'><strong>ne</strong></span> <span class='ocrx_word' id='word_1_159' title='bbox 1569 1738 1689 1779; x_wconf 91' lang='lat' dir='ltr'><strong>non</strong></span> <span class='ocrx_word' id='word_1_160' title='bbox 1742 1727 1943 1799; x_wconf 87' lang='lat' dir='ltr'><strong>posset</strong></span> <span class='ocrx_word' id='word_1_161' title='bbox 1970 1721 2093 1782; x_wconf 88' lang='lat' dir='ltr'><strong>nisi</strong></span> <span class='ocrx_word' id='word_1_162' title='bbox 2134 1725 2206 1784; x_wconf 86' lang='lat' dir='ltr'><strong>ab</strong></span> 
     </span>
     <span class='ocr_line' id='line_1_20' title="bbox 204 1741 2206 1880; baseline 0.003 -22"><span class='ocrx_word' id='word_1_163' title='bbox 204 1801 452 1864; x_wconf 73' lang='lat' dir='ltr'><strong>consule</strong></span> <span class='ocrx_word' id='word_1_164' title='bbox 480 1799 599 1858; x_wconf 87' lang='lat' dir='ltr'><strong>dici</strong></span> <span class='ocrx_word' id='word_1_165' title='bbox 629 1741 906 1874; x_wconf 59' lang='lat' dir='ltr'><strong>dictator,</strong></span> <span class='ocrx_word' id='word_1_166' title='bbox 959 1818 1215 1879; x_wconf 84' lang='lat' dir='ltr'><strong>augures</strong></span> <span class='ocrx_word' id='word_1_167' title='bbox 1244 1797 1499 1867; x_wconf 82' lang='lat' dir='ltr'><strong>consulti</strong></span> <span class='ocrx_word' id='word_1_168' title='bbox 1530 1819 1659 1860; x_wconf 86' lang='lat' dir='ltr'><strong>eam</strong></span> <span class='ocrx_word' id='word_1_169' title='bbox 1688 1798 2037 1880; x_wconf 82' lang='lat' dir='ltr'><strong>religionem</strong></span> <span class='ocrx_word' id='word_1_170' title='bbox 2066 1823 2206 1863; x_wconf 83' lang='lat' dir='ltr'><strong>exe-</strong></span> 
     </span>
     <span class='ocr_line' id='line_1_21' title="bbox 198 1878 2205 1944; baseline 0.002 -5"><span class='ocrx_word' id='word_1_171' title='bbox 198 1900 383 1940; x_wconf 86' lang='lat' dir='ltr'><strong>mere.</strong></span> <span class='ocrx_word' id='word_1_172' title='bbox 465 1881 542 1938; x_wconf 88' lang='lat' dir='ltr'><strong>A.</strong></span> <span class='ocrx_word' id='word_1_173' title='bbox 565 1878 882 1940; x_wconf 87' lang='lat' dir='ltr'><strong>Cornelius</strong></span> <span class='ocrx_word' id='word_1_174' title='bbox 923 1878 1275 1938; x_wconf 72' lang='lat' dir='ltr'><strong>dictatorem</strong></span> <span class='ocrx_word' id='word_1_175' title='bbox 1324 1879 1514 1938; x_wconf 87' lang='lat' dir='ltr'><strong>Mam.</strong></span> <span class='ocrx_word' id='word_1_176' title='bbox 1555 1879 1870 1940; x_wconf 82' lang='lat' dir='ltr'><strong>AEmilium</strong></span> <span class='ocrx_word' id='word_1_177' title='bbox 1902 1879 2103 1941; x_wconf 73' lang='lat' dir='ltr'><strong>dixitz</strong></span> <span class='ocrx_word' id='word_1_178' title='bbox 2144 1889 2205 1944; x_wconf 80' lang='lat' dir='ltr'><strong>et</strong></span> 
     </span>
     <span class='ocr_line' id='line_1_22' title="bbox 195 1957 2207 2041; baseline 0.002 -23"><span class='ocrx_word' id='word_1_179' title='bbox 195 1959 324 2040; x_wconf 86' lang='lat' dir='ltr'><strong>ipse</strong></span> <span class='ocrx_word' id='word_1_180' title='bbox 347 1962 420 2021; x_wconf 87' lang='lat' dir='ltr'><strong>ab</strong></span> <span class='ocrx_word' id='word_1_181' title='bbox 447 1979 517 2018; x_wconf 93' lang='lat' dir='ltr'><strong>eo</strong></span> <span class='ocrx_word' id='word_1_182' title='bbox 539 1957 824 2040; x_wconf 85' lang='lat' dir='ltr'><strong>magister</strong></span> <span class='ocrx_word' id='word_1_183' title='bbox 845 1957 1113 2037; x_wconf 88' lang='lat' dir='ltr'><strong>equitum</strong></span> <span class='ocrx_word' id='word_1_184' title='bbox 1135 1963 1231 2016; x_wconf 90' lang='lat' dir='ltr'><strong>est</strong></span> <span class='ocrx_word' id='word_1_185' title='bbox 1250 1957 1468 2018; x_wconf 85' lang='lat' dir='ltr'><strong>dictus.</strong></span> <span class='ocrx_word' id='word_1_186' title='bbox 1552 1959 1939 2041; x_wconf 50' lang='lat' dir='ltr'><strong>Adeogsimul</strong></span> <span class='ocrx_word' id='word_1_187' title='bbox 1961 1961 2207 2026; x_wconf 70' lang='lat' dir='ltr'><strong>fortuna</strong></span> 
     </span>
     <span class='ocr_line' id='line_1_23' title="bbox 197 2035 2269 2119; baseline 0.002 -19"><span class='ocrx_word' id='word_1_188' title='bbox 197 2039 458 2101; x_wconf 82' lang='lat' dir='ltr'><strong>civitatis</strong></span> <span class='ocrx_word' id='word_1_189' title='bbox 501 2038 724 2100; x_wconf 83' lang='lat' dir='ltr'><strong>virtute</strong></span> <span class='ocrx_word' id='word_1_190' title='bbox 753 2043 896 2098; x_wconf 67' lang='lat' dir='ltr'><strong>vera</strong></span> <span class='ocrx_word' id='word_1_191' title='bbox 925 2035 1105 2119; x_wconf 83' lang='lat' dir='ltr'><strong>eguit,</strong></span> <span class='ocrx_word' id='word_1_192' title='bbox 1132 2037 1278 2097; x_wconf 87' lang='lat' dir='ltr'><strong>nihil</strong></span> <span class='ocrx_word' id='word_1_193' title='bbox 1303 2037 1573 2098; x_wconf 86' lang='lat' dir='ltr'><strong>censoria</strong></span> <span class='ocrx_word' id='word_1_194' title='bbox 1600 2039 2037 2102; x_wconf 79' lang='lat' dir='ltr'><strong>animadversio</strong></span> <span class='ocrx_word' id='word_1_195' title='bbox 2058 2043 2203 2104; x_wconf 82' lang='lat' dir='ltr'><strong>effe·</strong></span> <span class='ocrx_word' id='word_1_196' title='bbox 2260 2045 2269 2056; x_wconf 85' lang='lat'><strong><em>‘</em></strong></span> 
     </span>
     <span class='ocr_line' id='line_1_24' title="bbox 198 2117 2203 2203; baseline 0 -23"><span class='ocrx_word' id='word_1_197' title='bbox 198 2120 302 2191; x_wconf 79' lang='lat' dir='ltr'><strong>cit,</strong></span> <span class='ocrx_word' id='word_1_198' title='bbox 351 2141 470 2201; x_wconf 89' lang='lat' dir='ltr'><strong>quo</strong></span> <span class='ocrx_word' id='word_1_199' title='bbox 496 2119 696 2185; x_wconf 70' lang='lat' dir='ltr'><strong>minus</strong></span> <span class='ocrx_word' id='word_1_200' title='bbox 725 2119 986 2200; x_wconf 87' lang='lat' dir='ltr'><strong>regimen</strong></span> <span class='ocrx_word' id='word_1_201' title='bbox 1013 2137 1215 2198; x_wconf 83' lang='lat' dir='ltr'><strong>rerum</strong></span> <span class='ocrx_word' id='word_1_202' title='bbox 1256 2139 1331 2179; x_wconf 82' lang='lat' dir='ltr'><strong>ex</strong></span> <span class='ocrx_word' id='word_1_203' title='bbox 1370 2125 1576 2185; x_wconf 74' lang='lat' dir='ltr'><strong>notata</strong></span> <span class='ocrx_word' id='word_1_204' title='bbox 1602 2117 1845 2200; x_wconf 71' lang='lat' dir='ltr'><strong>indigne</strong></span> <span class='ocrx_word' id='word_1_205' title='bbox 1874 2120 2050 2180; x_wconf 90' lang='lat' dir='ltr'><strong>domo</strong></span> <span class='ocrx_word' id='word_1_206' title='bbox 2099 2143 2203 2203; x_wconf 88' lang='lat' dir='ltr'><strong>pe-</strong></span> 
     </span>
     <span class='ocr_line' id='line_1_25' title="bbox 193 2198 2203 2280; baseline 0.001 -20"><span class='ocrx_word' id='word_1_207' title='bbox 193 2207 441 2262; x_wconf 69' lang='lat' dir='ltr'><strong>teretur.</strong></span> <span class='ocrx_word' id='word_1_208' title='bbox 521 2201 829 2280; x_wconf 82' lang='lat' dir='ltr'><strong>VejenteS,</strong></span> <span class='ocrx_word' id='word_1_209' title='bbox 867 2219 934 2260; x_wconf 87' lang='lat' dir='ltr'><strong>re</strong></span> <span class='ocrx_word' id='word_1_210' title='bbox 961 2198 1228 2258; x_wconf 68' lang='lat' dir='ltr'><strong>secunda</strong></span> <span class='ocrx_word' id='word_1_211' title='bbox 1256 2199 1418 2268; x_wconf 86' lang='lat' dir='ltr'><strong>elati,</strong></span> <span class='ocrx_word' id='word_1_212' title='bbox 1459 2198 1659 2258; x_wconf 88' lang='lat' dir='ltr'><strong>missis</strong></span> <span class='ocrx_word' id='word_1_213' title='bbox 1686 2198 1913 2274; x_wconf 81' lang='lat' dir='ltr'><strong>circum</strong></span> <span class='ocrx_word' id='word_1_214' title='bbox 1941 2200 2203 2263; x_wconf 64' lang='lat' dir='ltr'><strong>Etruria</strong></span> 
     </span>
     <span class='ocr_line' id='line_1_26' title="bbox 197 2278 2203 2362; baseline 0.001 -21"><span class='ocrx_word' id='word_1_215' title='bbox 197 2281 448 2362; x_wconf 75' lang='lat' dir='ltr'><strong>populos</strong></span> <span class='ocrx_word' id='word_1_216' title='bbox 492 2279 728 2362; x_wconf 77' lang='lat' dir='ltr'><strong>legatie,</strong></span> <span class='ocrx_word' id='word_1_217' title='bbox 774 2279 1064 2360; x_wconf 83' lang='lat' dir='ltr'><strong>jactando</strong></span> <span class='ocrx_word' id='word_1_218' title='bbox 1109 2284 1234 2340; x_wconf 89' lang='lat' dir='ltr'><strong>tres</strong></span> <span class='ocrx_word' id='word_1_219' title='bbox 1288 2278 1477 2339; x_wconf 88' lang='lat' dir='ltr'><strong>duces</strong></span> <span class='ocrx_word' id='word_1_220' title='bbox 1503 2279 1801 2340; x_wconf 82' lang='lat' dir='ltr'><strong>Romanos</strong></span> <span class='ocrx_word' id='word_1_221' title='bbox 1842 2281 1917 2339; x_wconf 87' lang='lat' dir='ltr'><strong>ab</strong></span> <span class='ocrx_word' id='word_1_222' title='bbox 1964 2300 2031 2341; x_wconf 86' lang='lat' dir='ltr'><strong>se</strong></span> <span class='ocrx_word' id='word_1_223' title='bbox 2080 2302 2203 2345; x_wconf 90' lang='lat' dir='ltr'><strong>uno</strong></span> 
     </span>
     <span class='ocr_line' id='line_1_27' title="bbox 194 2357 2201 2442; baseline 0.001 -22"><span class='ocrx_word' id='word_1_224' title='bbox 194 2361 406 2442; x_wconf 85' lang='lat' dir='ltr'><strong>proelio</strong></span> <span class='ocrx_word' id='word_1_225' title='bbox 460 2359 644 2429; x_wconf 82' lang='lat' dir='ltr'><strong>fusos,</strong></span> <span class='ocrx_word' id='word_1_226' title='bbox 673 2380 857 2440; x_wconf 86' lang='lat' dir='ltr'><strong>quum</strong></span> <span class='ocrx_word' id='word_1_227' title='bbox 904 2366 1104 2420; x_wconf 82' lang='lat' dir='ltr'><strong>tamen</strong></span> <span class='ocrx_word' id='word_1_228' title='bbox 1123 2357 1360 2436; x_wconf 20' lang='lat' dir='ltr'><strong>,nullam</strong></span> <span class='ocrx_word' id='word_1_229' title='bbox 1386 2359 1615 2440; x_wconf 87' lang='lat' dir='ltr'><strong>publici</strong></span> <span class='ocrx_word' id='word_1_230' title='bbox 1662 2358 1897 2421; x_wconf 87' lang='lat' dir='ltr'><strong>consilii</strong></span> <span class='ocrx_word' id='word_1_231' title='bbox 1922 2361 2201 2423; x_wconf 80' lang='lat' dir='ltr'><strong>-so&#39;cieta-</strong></span> 
     </span>
     <span class='ocr_line' id='line_1_28' title="bbox 193 2439 2196 2520; baseline 0 -18"><span class='ocrx_word' id='word_1_232' title='bbox 193 2448 316 2502; x_wconf 87' lang='lat' dir='ltr'><strong>tem</strong></span> <span class='ocrx_word' id='word_1_233' title='bbox 343 2441 690 2508; x_wconf 79' lang='lat' dir='ltr'><strong>movissent,</strong></span> <span class='ocrx_word' id='word_1_234' title='bbox 738 2439 1105 2500; x_wconf 85' lang='lat' dir='ltr'><strong>voluntarios</strong></span> <span class='ocrx_word' id='word_1_235' title='bbox 1133 2439 1402 2518; x_wconf 86' lang='lat' dir='ltr'><strong>undique</strong></span> <span class='ocrx_word' id='word_1_236' title='bbox 1428 2439 1505 2500; x_wconf 87' lang='lat' dir='ltr'><strong>ad</strong></span> <span class='ocrx_word' id='word_1_237' title='bbox 1534 2443 1703 2520; x_wconf 82' lang='lat' dir='ltr'><strong>spem</strong></span> <span class='ocrx_word' id='word_1_238' title='bbox 1725 2439 1953 2520; x_wconf 88' lang='lat' dir='ltr'><strong>praedae</strong></span> <span class='ocrx_word' id='word_1_239' title='bbox 1996 2441 2196 2503; x_wconf 84' lang='lat' dir='ltr'><strong>adsci-</strong></span> 
     </span>
     <span class='ocr_line' id='line_1_29' title="bbox 193 2518 2196 2600; baseline 0.001 -19"><span class='ocrx_word' id='word_1_240' title='bbox 193 2527 429 2582; x_wconf 79' lang='lat' dir='ltr'><strong>verunt.</strong></span> <span class='ocrx_word' id='word_1_241' title='bbox 511 2520 633 2581; x_wconf 89' lang='lat' dir='ltr'><strong>Uni</strong></span> <span class='ocrx_word' id='word_1_242' title='bbox 661 2519 1287 2600; x_wconf 6' lang='lat' dir='ltr'><strong>Fidenatiumtpopulo</strong></span> <span class='ocrx_word' id='word_1_243' title='bbox 1308 2519 1599 2581; x_wconf 76' lang='lat' dir='ltr'><strong>rebellare</strong></span> <span class='ocrx_word' id='word_1_244' title='bbox 1625 2518 1895 2600; x_wconf 74' lang='lat' dir='ltr'><strong>placuitz</strong></span> <span class='ocrx_word' id='word_1_245' title='bbox 1936 2527 2015 2592; x_wconf 89' lang='lat' dir='ltr'><strong>et,</strong></span> <span class='ocrx_word' id='word_1_246' title='bbox 2059 2529 2196 2583; x_wconf 82' lang='lat' dir='ltr'><strong>tan·</strong></span> 
     </span>
     <span class='ocr_line' id='line_1_30' title="bbox 194 2599 2194 2683; baseline 0 -23"><span class='ocrx_word' id='word_1_247' title='bbox 194 2622 374 2681; x_wconf 89' lang='lat' dir='ltr'><strong>quam</strong></span> <span class='ocrx_word' id='word_1_248' title='bbox 401 2599 518 2660; x_wconf 88' lang='lat' dir='ltr'><strong>nisi</strong></span> <span class='ocrx_word' id='word_1_249' title='bbox 546 2604 617 2661; x_wconf 89' lang='lat' dir='ltr'><strong>ab</strong></span> <span class='ocrx_word' id='word_1_250' title='bbox 645 2601 872 2662; x_wconf 88' lang='lat' dir='ltr'><strong>scelere</strong></span> <span class='ocrx_word' id='word_1_251' title='bbox 898 2600 1118 2660; x_wconf 87' lang='lat' dir='ltr'><strong>bellum</strong></span> <span class='ocrx_word' id='word_1_252' title='bbox 1147 2599 1331 2659; x_wconf 88' lang='lat' dir='ltr'><strong>ordiri</strong></span> <span class='ocrx_word' id='word_1_253' title='bbox 1357 2599 1527 2676; x_wconf 84' lang='lat' dir='ltr'><strong>nefas</strong></span> <span class='ocrx_word' id='word_1_254' title='bbox 1554 2607 1732 2670; x_wconf 85' lang='lat' dir='ltr'><strong>esset,</strong></span> <span class='ocrx_word' id='word_1_255' title='bbox 1774 2599 1933 2660; x_wconf 84' lang='lat' dir='ltr'><strong>sicut</strong></span> <span class='ocrx_word' id='word_1_256' title='bbox 1969 2601 2194 2683; x_wconf 85' lang='lat' dir='ltr'><strong>legato·</strong></span> 
     </span>
     <span class='ocr_line' id='line_1_31' title="bbox 193 2679 2194 2757; baseline -0 -16"><span class='ocrx_word' id='word_1_257' title='bbox 193 2701 328 2742; x_wconf 86' lang='lat' dir='ltr'><strong>rum</strong></span> <span class='ocrx_word' id='word_1_258' title='bbox 375 2686 570 2750; x_wconf 82' lang='lat' dir='ltr'><strong>antea,</strong></span> <span class='ocrx_word' id='word_1_259' title='bbox 625 2680 709 2740; x_wconf 84' lang='lat' dir='ltr'><strong>ita</strong></span> <span class='ocrx_word' id='word_1_260' title='bbox 755 2686 884 2740; x_wconf 90' lang='lat' dir='ltr'><strong>tum</strong></span> <span class='ocrx_word' id='word_1_261' title='bbox 912 2699 1196 2740; x_wconf 85' lang='lat' dir='ltr'><strong>novorum</strong></span> <span class='ocrx_word' id='word_1_262' title='bbox 1227 2679 1567 2757; x_wconf 86' lang='lat' dir='ltr'><strong>colonorum</strong></span> <span class='ocrx_word' id='word_1_263' title='bbox 1618 2679 1788 2740; x_wconf 81' lang='lat' dir='ltr'><strong>caede</strong></span> <span class='ocrx_word' id='word_1_264' title='bbox 1815 2679 2057 2741; x_wconf 83' lang='lat' dir='ltr'><strong>imbutis</strong></span> <span class='ocrx_word' id='word_1_265' title='bbox 2098 2702 2194 2742; x_wconf 85' lang='lat' dir='ltr'><strong>ar·</strong></span> 
     </span>
     <span class='ocr_line' id='line_1_32' title="bbox 189 2759 2193 2854; baseline -0 -32"><span class='ocrx_word' id='word_1_266' title='bbox 189 2761 324 2830; x_wconf 82' lang='lat' dir='ltr'><strong>miS,</strong></span> <span class='ocrx_word' id='word_1_267' title='bbox 377 2761 731 2840; x_wconf 84' lang='lat' dir='ltr'><strong>Vejentibus</strong></span> <span class='ocrx_word' id='word_1_268' title='bbox 779 2779 914 2820; x_wconf 89' lang='lat' dir='ltr'><strong>sese</strong></span> <span class='ocrx_word' id='word_1_269' title='bbox 947 2759 1336 2840; x_wconf 85' lang='lat' dir='ltr'><strong>conjungunt.</strong></span> <span class='ocrx_word' id='word_1_270' title='bbox 1417 2759 1779 2820; x_wconf 84' lang='lat' dir='ltr'><strong>Consultare</strong></span> <span class='ocrx_word' id='word_1_271' title='bbox 1805 2759 1945 2820; x_wconf 90' lang='lat' dir='ltr'><strong>inde</strong></span> <span class='ocrx_word' id='word_1_272' title='bbox 1972 2760 2193 2854; x_wconf 81' lang='lat' dir='ltr'><strong>princi-</strong></span> 
     </span>
     <span class='ocr_line' id='line_1_33' title="bbox 191 2838 2193 2923; baseline 0 -21"><span class='ocrx_word' id='word_1_273' title='bbox 191 2863 299 2923; x_wconf 87' lang='lat' dir='ltr'><strong>pes</strong></span> <span class='ocrx_word' id='word_1_274' title='bbox 329 2842 576 2902; x_wconf 82' lang='lat' dir='ltr'><strong>duorum</strong></span> <span class='ocrx_word' id='word_1_275' title='bbox 600 2839 969 2922; x_wconf 88' lang='lat' dir='ltr'><strong>populorum,</strong></span> <span class='ocrx_word' id='word_1_276' title='bbox 1017 2840 1201 2920; x_wconf 88' lang='lat' dir='ltr'><strong>Vejos</strong></span> <span class='ocrx_word' id='word_1_277' title='bbox 1230 2859 1308 2902; x_wconf 87' lang='lat' dir='ltr'><strong>an</strong></span> <span class='ocrx_word' id='word_1_278' title='bbox 1335 2838 1595 2900; x_wconf 83' lang='lat' dir='ltr'><strong>Fidenas</strong></span> <span class='ocrx_word' id='word_1_279' title='bbox 1618 2841 1818 2900; x_wconf 89' lang='lat' dir='ltr'><strong>sedem</strong></span> <span class='ocrx_word' id='word_1_280' title='bbox 1846 2841 1989 2909; x_wconf 86' lang='lat' dir='ltr'><strong>belh</strong></span> <span class='ocrx_word' id='word_1_281' title='bbox 2019 2861 2193 2922; x_wconf 85' lang='lat' dir='ltr'><strong>cape·</strong></span> 
     </span>
     <span class='ocr_line' id='line_1_34' title="bbox 193 2919 2193 3001; baseline -0.002 -18"><span class='ocrx_word' id='word_1_282' title='bbox 193 2927 346 2983; x_wconf 82' lang='lat' dir='ltr'><strong>rent.</strong></span> <span class='ocrx_word' id='word_1_283' title='bbox 429 2921 677 2982; x_wconf 86' lang='lat' dir='ltr'><strong>Fidenae</strong></span> <span class='ocrx_word' id='word_1_284' title='bbox 729 2919 876 2980; x_wconf 84' lang='lat' dir='ltr'><strong>visae</strong></span> <span class='ocrx_word' id='word_1_285' title='bbox 905 2919 1398 3001; x_wconf 84' lang='lat' dir='ltr'><strong>opportuniores;</strong></span> <span class='ocrx_word' id='word_1_286' title='bbox 1438 2919 1662 3000; x_wconf 87' lang='lat' dir='ltr'><strong>itaque,</strong></span> <span class='ocrx_word' id='word_1_287' title='bbox 1690 2922 1943 3001; x_wconf 84' lang='lat' dir='ltr'><strong>trajecto</strong></span> <span class='ocrx_word' id='word_1_288' title='bbox 1969 2921 2193 2993; x_wconf 90' lang='lat' dir='ltr'><strong>Tiberi,</strong></span> 
     </span>
     <span class='ocr_line' id='line_1_35' title="bbox 193 3001 2190 3085; baseline -0.002 -22"><span class='ocrx_word' id='word_1_289' title='bbox 193 3004 482 3085; x_wconf 67' lang='lat' dir='ltr'><strong>Vejentes</strong></span> <span class='ocrx_word' id='word_1_290' title='bbox 523 3001 780 3061; x_wconf 88' lang='lat' dir='ltr'><strong>Fidenas</strong></span> <span class='ocrx_word' id='word_1_291' title='bbox 828 3001 1267 3060; x_wconf 83' lang='lat' dir='ltr'><strong>transtulerunt</strong></span> <span class='ocrx_word' id='word_1_292' title='bbox 1304 3001 1547 3060; x_wconf 89' lang='lat' dir='ltr'><strong>bellum.</strong></span> <span class='ocrx_word' id='word_1_293' title='bbox 1628 3001 1839 3060; x_wconf 84' lang='lat' dir='ltr'><strong>Romae</strong></span> <span class='ocrx_word' id='word_1_294' title='bbox 1867 3007 2057 3061; x_wconf 87' lang='lat' dir='ltr'><strong>terror</strong></span> <span class='ocrx_word' id='word_1_295' title='bbox 2094 3002 2190 3060; x_wconf 82' lang='lat' dir='ltr'><strong>in·</strong></span> 
     </span>
     <span class='ocr_line' id='line_1_36' title="bbox 193 3079 2189 3166; baseline -0.003 -21"><span class='ocrx_word' id='word_1_296' title='bbox 193 3103 338 3166; x_wconf 84' lang='lat' dir='ltr'><strong>gens</strong></span> <span class='ocrx_word' id='word_1_297' title='bbox 366 3089 492 3143; x_wconf 89' lang='lat' dir='ltr'><strong>erat</strong></span> <span class='ocrx_word' id='word_1_298' title='bbox 522 3103 539 3152; x_wconf 93' lang='lat'>;</span> <span class='ocrx_word' id='word_1_299' title='bbox 577 3083 771 3152; x_wconf 80' lang='lat' dir='ltr'><strong>accito</strong></span> <span class='ocrx_word' id='word_1_300' title='bbox 820 3081 1081 3141; x_wconf 83' lang='lat' dir='ltr'><strong>exercitu</strong></span> <span class='ocrx_word' id='word_1_301' title='bbox 1113 3082 1186 3140; x_wconf 88' lang='lat' dir='ltr'><strong>ab</strong></span> <span class='ocrx_word' id='word_1_302' title='bbox 1214 3079 1402 3159; x_wconf 79' lang='lat' dir='ltr'><strong>Vejis,</strong></span> <span class='ocrx_word' id='word_1_303' title='bbox 1452 3099 1640 3159; x_wconf 91' lang='lat' dir='ltr'><strong>eoque</strong></span> <span class='ocrx_word' id='word_1_304' title='bbox 1670 3080 1800 3160; x_wconf 90' lang='lat' dir='ltr'><strong>ipso</strong></span> <span class='ocrx_word' id='word_1_305' title='bbox 1828 3083 1903 3141; x_wconf 89' lang='lat' dir='ltr'><strong>ab</strong></span> <span class='ocrx_word' id='word_1_306' title='bbox 1946 3101 2008 3142; x_wconf 89' lang='lat' dir='ltr'><strong>re</strong></span> <span class='ocrx_word' id='word_1_307' title='bbox 2038 3081 2189 3140; x_wconf 68' lang='lat' dir='ltr'><strong>male</strong></span> 
     </span>
     <span class='ocr_line' id='line_1_37' title="bbox 189 3159 2243 3245; baseline -0.002 -20"><span class='ocrx_word' id='word_1_308' title='bbox 189 3172 362 3245; x_wconf 84' lang='lat' dir='ltr'><strong>gesta</strong></span> <span class='ocrx_word' id='word_1_309' title='bbox 390 3163 690 3244; x_wconf 86' lang='lat' dir='ltr'><strong>perculs0,</strong></span> <span class='ocrx_word' id='word_1_310' title='bbox 717 3167 912 3220; x_wconf 89' lang='lat' dir='ltr'><strong>castra</strong></span> <span class='ocrx_word' id='word_1_311' title='bbox 939 3161 1215 3220; x_wconf 86' lang='lat' dir='ltr'><strong>locantur</strong></span> <span class='ocrx_word' id='word_1_312' title='bbox 1242 3165 1389 3220; x_wconf 87' lang='lat' dir='ltr'><strong>ante</strong></span> <span class='ocrx_word' id='word_1_313' title='bbox 1410 3167 1639 3240; x_wconf 84' lang='lat' dir='ltr'><strong>portam</strong></span> <span class='ocrx_word' id='word_1_314' title='bbox 1672 3159 1995 3228; x_wconf 89' lang='lat' dir='ltr'><strong>Collinam,</strong></span> <span class='ocrx_word' id='word_1_315' title='bbox 2037 3167 2099 3220; x_wconf 91' lang='lat' dir='ltr'><strong>et</strong></span> <span class='ocrx_word' id='word_1_316' title='bbox 2123 3160 2186 3220; x_wconf 92' lang='lat' dir='ltr'><strong>in</strong></span> <span class='ocrx_word' id='word_1_317' title='bbox 2240 3183 2243 3187; x_wconf 87' lang='lat'>·</span> 
     </span>
     <span class='ocr_line' id='line_1_38' title="bbox 185 3239 2189 3322; baseline -0.002 -18"><span class='ocrx_word' id='word_1_318' title='bbox 185 3244 376 3304; x_wconf 82' lang='lat' dir='ltr'><strong>muris</strong></span> <span class='ocrx_word' id='word_1_319' title='bbox 426 3241 638 3302; x_wconf 87' lang='lat' dir='ltr'><strong>armati</strong></span> <span class='ocrx_word' id='word_1_320' title='bbox 693 3239 985 3321; x_wconf 85' lang='lat' dir='ltr'><strong>dispositi,</strong></span> <span class='ocrx_word' id='word_1_321' title='bbox 1039 3247 1102 3322; x_wconf 84' lang='lat' dir='ltr'><strong>et</strong></span> <span class='ocrx_word' id='word_1_322' title='bbox 1136 3239 1441 3320; x_wconf 88' lang='lat' dir='ltr'><strong>justitium</strong></span> <span class='ocrx_word' id='word_1_323' title='bbox 1487 3239 1551 3299; x_wconf 89' lang='lat' dir='ltr'><strong>in</strong></span> <span class='ocrx_word' id='word_1_324' title='bbox 1606 3241 1751 3310; x_wconf 76' lang='lat' dir='ltr'><strong>ioro,</strong></span> <span class='ocrx_word' id='word_1_325' title='bbox 1805 3243 2189 3320; x_wconf 75' lang='lat' dir='ltr'><strong>tabernoeque</strong></span> 
     </span>
     <span class='ocr_line' id='line_1_39' title="bbox 189 3319 1997 3400; baseline 0.001 -20"><span class='ocrx_word' id='word_1_326' title='bbox 189 3325 412 3384; x_wconf 84' lang='lat' dir='ltr'><strong>clausae</strong></span> <span class='ocrx_word' id='word_1_327' title='bbox 443 3344 458 3380; x_wconf 76' lang='lat' dir='ltr'><strong><em>z</em></strong></span> <span class='ocrx_word' id='word_1_328' title='bbox 499 3323 770 3400; x_wconf 87' lang='lat' dir='ltr'><strong>fiuntque</strong></span> <span class='ocrx_word' id='word_1_329' title='bbox 811 3320 1008 3381; x_wconf 88' lang='lat' dir='ltr'><strong>omnia</strong></span> <span class='ocrx_word' id='word_1_330' title='bbox 1036 3319 1269 3390; x_wconf 80' lang='lat' dir='ltr'><strong>castris,</strong></span> <span class='ocrx_word' id='word_1_331' title='bbox 1297 3321 1475 3398; x_wconf 64' lang='lat' dir='ltr'><strong>quam</strong></span> <span class='ocrx_word' id='word_1_332' title='bbox 1508 3319 1659 3388; x_wconf 86' lang='lat' dir='ltr'><strong>urbi,</strong></span> <span class='ocrx_word' id='word_1_333' title='bbox 1687 3319 1997 3382; x_wconf 72' lang='lat' dir='ltr'><strong>similiora-</strong></span> 
     </span>
     <span class='ocr_line' id='line_1_40' title="bbox 271 3399 2187 3482; baseline -0.001 -20"><span class='ocrx_word' id='word_1_334' title='bbox 271 3404 532 3462; x_wconf 85' lang='lat' dir='ltr'><strong>XXXII.</strong></span> <span class='ocrx_word' id='word_1_335' title='bbox 572 3403 729 3465; x_wconf 86' lang='lat' dir='ltr'><strong>Tum</strong></span> <span class='ocrx_word' id='word_1_336' title='bbox 758 3401 1046 3482; x_wconf 86' lang='lat' dir='ltr'><strong>trepidam</strong></span> <span class='ocrx_word' id='word_1_337' title='bbox 1100 3399 1423 3468; x_wconf 85' lang='lat' dir='ltr'><strong>civitatem,</strong></span> <span class='ocrx_word' id='word_1_338' title='bbox 1469 3399 1849 3479; x_wconf 73' lang='lat' dir='ltr'><strong>praeconibus</strong></span> <span class='ocrx_word' id='word_1_339' title='bbox 1892 3421 1999 3480; x_wconf 90' lang='lat' dir='ltr'><strong>per</strong></span> <span class='ocrx_word' id='word_1_340' title='bbox 2023 3400 2187 3460; x_wconf 80' lang='lat' dir='ltr'><strong>vicos</strong></span> 
     </span>
     <span class='ocr_line' id='line_1_41' title="bbox 190 3478 2181 3560; baseline 0.003 -24"><span class='ocrx_word' id='word_1_341' title='bbox 190 3480 470 3550; x_wconf 79' lang='lat' dir='ltr'><strong>dimissiS,</strong></span> <span class='ocrx_word' id='word_1_342' title='bbox 491 3481 749 3542; x_wconf 75' lang='lat' dir='ltr'><strong>dictator</strong></span> <span class='ocrx_word' id='word_1_343' title='bbox 776 3481 849 3542; x_wconf 86' lang='lat' dir='ltr'><strong>ad</strong></span> <span class='ocrx_word' id='word_1_344' title='bbox 877 3480 1221 3540; x_wconf 87' lang='lat' dir='ltr'><strong>concionem</strong></span> <span class='ocrx_word' id='word_1_345' title='bbox 1240 3479 1590 3540; x_wconf 84' lang='lat' dir='ltr'><strong>advocatam</strong></span> <span class='ocrx_word' id='word_1_346' title='bbox 1613 3478 1930 3560; x_wconf 72' lang='lat' dir='ltr'><strong>increpuit,</strong></span> <span class='ocrx_word' id='word_1_347' title='bbox 1958 3491 1995 3517; x_wconf 89' lang='lat'><strong>“</strong></span> <span class='ocrx_word' id='word_1_348' title='bbox 2016 3481 2181 3558; x_wconf 62' lang='lat' dir='ltr'><strong>quenl</strong></span> 
     </span>
     <span class='ocr_line' id='line_1_42' title="bbox 190 3559 2181 3640; baseline 0.005 -30"><span class='ocrx_word' id='word_1_349' title='bbox 190 3559 414 3618; x_wconf 78' lang='lat' dir='ltr'><strong>animos</strong></span> <span class='ocrx_word' id='word_1_350' title='bbox 468 3583 543 3621; x_wconf 82' lang='lat' dir='ltr'><strong>ex</strong></span> <span class='ocrx_word' id='word_1_351' title='bbox 595 3571 718 3622; x_wconf 86' lang='lat' dir='ltr'><strong>tam</strong></span> <span class='ocrx_word' id='word_1_352' title='bbox 746 3561 975 3621; x_wconf 88' lang='lat' dir='ltr'><strong>levibus</strong></span> <span class='ocrx_word' id='word_1_353' title='bbox 1003 3560 1258 3620; x_wconf 74' lang='lat' dir='ltr'><strong>fortunae</strong></span> <span class='ocrx_word' id='word_1_354' title='bbox 1305 3559 1621 3621; x_wconf 89' lang='lat' dir='ltr'><strong>momentis</strong></span> <span class='ocrx_word' id='word_1_355' title='bbox 1670 3579 1985 3640; x_wconf 85' lang='lat' dir='ltr'><strong>suspensos</strong></span> <span class='ocrx_word' id='word_1_356' title='bbox 2012 3579 2181 3638; x_wconf 87' lang='lat' dir='ltr'><strong>gere-</strong></span> 
     </span>
     <span class='ocr_line' id='line_1_43' title="bbox 190 3637 2184 3722; baseline -0.002 -21"><span class='ocrx_word' id='word_1_357' title='bbox 190 3641 340 3701; x_wconf 71' lang='lat' dir='ltr'><strong>rent.</strong></span> <span class='ocrx_word' id='word_1_358' title='bbox 361 3644 446 3705; x_wconf 80' lang='lat' dir='ltr'><strong>ut,</strong></span> <span class='ocrx_word' id='word_1_359' title='bbox 476 3649 657 3714; x_wconf 69' lang='lat' dir='ltr'><strong>parva</strong></span> <span class='ocrx_word' id='word_1_360' title='bbox 672 3645 909 3722; x_wconf 67' lang='lat' dir='ltr'><strong>jactura</strong></span> <span class='ocrx_word' id='word_1_361' title='bbox 939 3646 1209 3721; x_wconf 69' lang='lat' dir='ltr'><strong>accept-52,</strong></span> <span class='ocrx_word' id='word_1_362' title='bbox 1252 3660 1389 3719; x_wconf 82' lang='lat' dir='ltr'><strong>quoe</strong></span> <span class='ocrx_word' id='word_1_363' title='bbox 1432 3639 1562 3720; x_wconf 88' lang='lat' dir='ltr'><strong>ipsa</strong></span> <span class='ocrx_word' id='word_1_364' title='bbox 1588 3659 1707 3700; x_wconf 90' lang='lat' dir='ltr'><strong>non</strong></span> <span class='ocrx_word' id='word_1_365' title='bbox 1750 3639 1967 3699; x_wconf 87' lang='lat' dir='ltr'><strong>virtute</strong></span> <span class='ocrx_word' id='word_1_366' title='bbox 1994 3637 2184 3698; x_wconf 81' lang='lat' dir='ltr'><strong>hosti·</strong></span> 
     </span>
     <span class='ocr_line' id='line_1_44' title="bbox 190 3717 2183 3797; baseline 0.001 -20"><span class='ocrx_word' id='word_1_367' title='bbox 190 3727 308 3777; x_wconf 68' lang='lat' dir='ltr'><strong>um,</strong></span> <span class='ocrx_word' id='word_1_368' title='bbox 335 3733 446 3772; x_wconf 86' lang='lat' dir='ltr'><strong>nec</strong></span> <span class='ocrx_word' id='word_1_369' title='bbox 475 3717 712 3795; x_wconf 67' lang='lat' dir='ltr'><strong>ignavia</strong></span> <span class='ocrx_word' id='word_1_370' title='bbox 744 3721 994 3781; x_wconf 76' lang='lat' dir='ltr'><strong>Romani</strong></span> <span class='ocrx_word' id='word_1_371' title='bbox 1022 3722 1340 3790; x_wconf 75' lang='lat' dir='ltr'><strong>exercituS,</strong></span> <span class='ocrx_word' id='word_1_372' title='bbox 1388 3721 1495 3782; x_wconf 87' lang='lat' dir='ltr'><strong>sed</strong></span> <span class='ocrx_word' id='word_1_373' title='bbox 1523 3717 1820 3780; x_wconf 68' lang='lat' dir='ltr'><strong>discordia</strong></span> <span class='ocrx_word' id='word_1_374' title='bbox 1863 3717 2183 3797; x_wconf 82' lang='lat' dir='ltr'><strong>imperato-</strong></span> 
     </span>
     <span class='ocr_line' id='line_1_45' title="bbox 193 3799 2183 3885; baseline 0.003 -31"><span class='ocrx_word' id='word_1_375' title='bbox 193 3802 340 3885; x_wconf 55' lang='lat' dir='ltr'><strong>fum,</strong></span> <span class='ocrx_word' id='word_1_376' title='bbox 393 3806 641 3873; x_wconf 81' lang='lat' dir='ltr'><strong>accepta</strong></span> <span class='ocrx_word' id='word_1_377' title='bbox 669 3800 767 3868; x_wconf 78' lang='lat' dir='ltr'><strong>sit,</strong></span> <span class='ocrx_word' id='word_1_378' title='bbox 816 3801 1154 3881; x_wconf 83' lang='lat' dir='ltr'><strong>Vejentem,</strong></span> <span class='ocrx_word' id='word_1_379' title='bbox 1206 3800 1435 3861; x_wconf 84' lang='lat' dir='ltr'><strong>hostem</strong></span> <span class='ocrx_word' id='word_1_380' title='bbox 1463 3800 1656 3862; x_wconf 81' lang='lat' dir='ltr'><strong>sexies</strong></span> <span class='ocrx_word' id='word_1_381' title='bbox 1698 3799 1943 3867; x_wconf 85' lang='lat' dir='ltr'><strong>victum,</strong></span> <span class='ocrx_word' id='word_1_382' title='bbox 1994 3799 2183 3881; x_wconf 84' lang='lat' dir='ltr'><strong>perti·</strong></span> 
     </span>
    </p>
   </div>
   <div class='ocr_carea' id='block_1_3' title="bbox 2357 1865 2367 2914">
    <p class='ocr_par' dir='ltr' id='par_1_3' title="bbox 2357 1865 2367 2914">
     <span class='ocr_line' id='line_1_46' title="bbox 2357 1865 2367 2914; baseline 0 0"><span class='ocrx_word' id='word_1_383' title='bbox 2357 1865 2367 2914; x_wconf 95' lang='lat' dir='ltr'><strong> </strong></span> 
     </span>
    </p>
   </div>
  </div>
 </body>
</html>
