2400 4109
956 171 1221 281 LIQR
1260 175 1336 234 V.
2072 181 2195 236 225

197 331 560 394 tores'fuere
588 337 796 393 contra
814 334 920 414 jus
947 334 1211 413 gentium
1244 332 1429 394 caedis
1456 332 1655 414 impiae
1698 333 2027 414 legatorum
2054 353 2197 396 nos·
2235 337 2251 424 ἱ

196 418 430 474 trorum
459 435 476 470 ι
531 412 830 473 Etruriam
873 433 1105 472 omnem
1153 413 1441 472 adversus
1490 433 1596 472 nos
1644 416 1943 474 concitare
1990 415 2197 474 volue·
2241 434 2251 494 ,ε

185 500 365 562 runt,
387 492 680 572 hodieque
709 493 768 550 id
795 492 1116 552 moliuntur
1145 514 1160 551 ε
1202 513 1297 552 res
1324 498 1663 572 repetentes
1690 493 1915 574 legatos
1946 502 2197 564 nostros,
2228 513 2242 551 ι

195 571 358 633 haud
382 573 587 652 procul
614 572 785 642 afuit,
810 572 957 651 quin
985 572 1293 632 violarent.
2220 564 2233 633 ἶ
2300 581 2309 588 “

217 692 222 697 -
286 653 363 709 V.
403 663 438 689 “
459 653 617 712 Cum
643 651 735 710 his
761 652 1019 712 molliter
1046 659 1106 711 et
1133 673 1240 732 per
1266 651 1581 712 dilationes
1607 653 1830 711 bellum
1869 652 1994 734 geri
2022 672 2055 710 o
2098 671 2195 711 or-

193 732 338 792 tet?
379 731 431 791 si
477 751 588 790 nos
629 737 753 791 tam
773 735 1004 812 justum
1033 731 1233 792 odium
1260 732 1401 791 nihil
1434 738 1647 801 movet,
1696 751 1770 792 ne
1800 733 1904 791 illa
1932 731 2034 810 qui
2080 751 2193 800 em,

195 831 302 871 oro
331 831 455 880 νος,
498 817 786 878 movent?
868 810 1164 890 Operibus·
1182 811 1519 892 ingentibus
1548 821 1715 891 septa
1742 815 1881 870 urbs
1909 818 2019 878 est,
2062 811 2197 890 qui-

192 889 309 951 bus
361 891 523 950 intra
561 911 760 950 muros
816 897 1128 952 coercetur
1173 891 1405 958 hostis3
1460 911 1664 971 agrum
1712 911 1830 950 non
1879 891 2081 958 coluit,
2134 895 2199 950 et

197 970 370 1030 culta
395 975 661 1030 evastata
705 977 848 1030 sunt
886 971 1063 1030 bello.
1141 971 1227 1030 St
1264 970 1602 1036 reducimus
1656 970 2000 1037 exercitum,
2054 969 2191 1047 quis

195 1055 316 1118 est,
369 1049 473 1127 qui
507 1050 760 1120 dubitet,
812 1049 966 1118 illos·,
994 1067 1114 1108 non
1165 1050 1201 1108 ὃ.
1230 1050 1568 1129 eupiditate
1610 1051 1800 1108 solum
1838 1048 2195 1118 ulciscendi,

193 1129 314 1208 sed
342 1128 523 1187 etiam
563 1129 918 1189 necessitate
960 1129 1237 1208 imposita
1282 1149 1357 1189 ex
1397 1130 1594 1188 alieno
1632 1129 1963 1208 praedandi,
2007 1147 2195 1218 quum

198 1226 312 1266 sua
351 1207 670 1277 amiserint,
719 1227 934 1289 agrum,
978 1213 1245 1268 nostrum
1296 1208 1655 1268 invasuros?
1694 1227 1813 1267 non
1866 1207 2195 1267 differimus

192 1286 382 1366 igitur
407 1288 629 1347 bellum
655 1289 772 1348 isto
799 1287 1065 1356 consilio,
1119 1287 1228 1347 sed
1281 1287 1443 1348 intra
1494 1287 1646 1347 fines
1686 1294 1923 1349 nostros
1970 1287 2191 1366 accipi-

185 1385 349 1425 ·mus.
430 1366 640 1440 Quid?
680 1366 852 1436 illud,
896 1367 1057 1445 quod
1098 1367 1331 1448 proprie
1374 1367 1449 1426 ad
1478 1366 1698 1427 milites
1741 1366 2016 1446 pertinet,
2057 1365 2193 1444 qui-

191 1447 308 1504 bus
338 1445 476 1506 boni
507 1446 727 1506 tribuni
754 1446 944 1526 plebis
971 1466 1156 1525 quum
1206 1446 1569 1526 stipendium
1610 1453 1963 1525 extorquere
1988 1445 2195 1505 volue-

191 1523 337 1594 rint,
383 1545 544 1585 nunc
594 1525 927 1586 consultum
956 1527 1200 1605 repente
1251 1527 1480 1596 volunt,
1524 1526 1703 1618 quale
1732 1527 1866 1586 est?
1947 1525 2193 1584 Vallum

189 1603 551 1684 fossamque,
604 1605 862 1688 ingentis
890 1611 1207 1683 utramque
1245 1626 1373 1666 rem
1399 1625 1612 1686 operm,
1656 1625 1767 1685 per
1790 1610 2025 1665 tantum
2055 1623 2193 1682 spa-

191 1683 268 1744 tii
295 1686 597 1746 duxerunt
625 1707 641 1743 ε
685 1684 935 1745 castella
960 1684 1152 1764 primo
1199 1705 1409 1764 pauc-a,
1436 1691 1662 1764 postea,
1690 1684 1954 1746 exercitu
1996 1689 2193 1752 aucto,

197 1765 554 1825 creberrima.
597 1764 910 1826 feceruutz
949 1761 1311 1837 munitiones
1354 1764 1564 1824 nonin
1606 1767 1811 1824 urbem
1837 1763 2031 1832 modo,
2086 1763 2197 1823 sed

191 1841 257 1902 in
300 1844 602 1904 Etruriam
650 1845 833 1905 etiam
859 1850 1223 1924 spectanteS‚
1250 1844 1303 1904 si
1328 1865 1450 1924 qua
1488 1843 1631 1904 inde
1680 1845 1901 1905 auxilia
1926 1842 2191 1912 veniant,

191 1921 777 2002 opposuerevanuid
807 1928 1020 1993 turreS,
1067 1924 1217 2003 quid
1241 1924 1449 1984 vineas
1474 1923 1933 2004 testudinesque
1978 1931 2039 1982 et
2079 1923 2191 1982 ali-

189 2019 297 2070 um
343 1997 871 2094 oppugnandarum
897 2004 1132 2061 urbium
1160 2008 1511 2082 apparatum
1537 2003 1748 2080 loquar
1776 2005 1801 2061 P
1841 2023 2029 2082 quum
2056 2008 2194 2062 tan·

193 2085 326 2141 tum
354 2081 579 2142 laboris
598 2081 948 2141 exhaustum
992 2079 1090 2150 sit,
1137 2087 1198 2140 et
1224 2082 1303 2140 ad
1330 2083 1527 2155 finem,
1548 2083 1677 2172 jam
1704 2082 1899 2162 operis
1944 2081 2194 2142 tandem

189 2165 592 2241 perventum;
648 2159 1120 2238 relinquendane
1165 2159 1297 2219 haec
1350 2165 1628 2229 oensem,
1674 2167 1745 2220 ut
1790 2161 1867 2220 ad
1918 2165 2191 2220 aestatem

193 2259 400 2299 rursus
446 2259 636 2300 novus
663 2240 741 2299 de
781 2237 1014 2320 integro
1055 2238 1150 2298 his
1195 2237 1579 2302 instituendis
1629 2239 1955 2300 exsudetur
1979 2239 2194 2300 labor?

191 2318 429 2392 Quanto
456 2325 552 2379 est
590 2319 790 2380 minus
815 2340 994 2400 opera
1018 2318 1175 2378 tueri
1204 2322 1381 2390 sacta,
1436 2325 1497 2380 et
1522 2318 1766 2388 instare,
1819 2325 1882 2379 et
1908 2337 2188 2398 perseve-

189 2417 342 2468 rare,
363 2398 728 2479 defungique
749 2399 938 2458 cura?
1019 2398 1233 2458 Brevis
1257 2399 1415 2460 enim
1438 2399 1707 2479 profecto
1733 2418 1829 2459 res
1850 2403 1963 2465 est,
1986 2397 2038 2458 si
2064 2417 2187 2458 uno

189 2483 398 2538 tenore
427 2478 746 2559 peragitur,
787 2498 901 2538 nec
927 2477 1042 2558 ipsi
1067 2498 1174 2559 per
1208 2478 1676 2540 intermissiones
1703 2478 1810 2539 has
1836 2477 2189 2539 intervalla-

193 2577 312 2636 que
339 2557 656 2618 lentiorem
697 2577 864 2638 spem
904 2563 1166 2636 nostram
1193 2558 1447 2618 facimus
1476 2579 1493 2629 3
1534 2559 1743 2638 loquor
1770 2559 1851 2618 de
1872 2577 2071 2639 opere,
2124 2563 2190 2618 εὶ

191 2637 267 2698 de
296 2636 576 2717 temporis
593 2640 854 2718 jactura.
935 2633 1138 2711 Quid?
1179 2637 1450 2718 periculi,
1492 2637 1650 2717 quod
1678 2637 2003 2699 differendo
2025 2637 2186 2698 bello

191 2717 444 2786 adimuS,
490 2736 633 2778 num
662 2717 934 2780 oblivisci
959 2737 1068 2777 nos
1093 2717 1221 2778 liaec
1250 2724 1371 2778 tam
1400 2721 1606 2779 crebra
1632 2719 1895 2780 Etruriae
1926 2717 2189 2779 concilia
2231 2777 2241 2783 .

192 2797 270 2856 de
298 2797 605 2856 mittendis
633 2799 816 2878 Vejos
865 2796 1100 2856 auxiliis
1127 2796 1483 2876 patiuntur?
1565 2799 1656 2858 Ut
1679 2818 1840 2858 nunc
1866 2817 1963 2859 res
1990 2817 2057 2858 se
2082 2798 2189 2858 ha·
2282 2850 2284 2852 .

181 2879 306 2945 bet,
333 2875 471 2936 irati
499 2883 658 2945 sunt,
685 2877 958 2944 oderunt,
994 2883 1219 2966 negant
1245 2877 1567 2937 missuros:
1652 2883 1903 2938 uantum
1949 2877 2014 2936 in
2062 2876 2187 2936 illis

190 2962 302 3024 est,
328 2975 540 3036 capere
567 2956 749 3033 Vejos
775 2955 922 3014 licet
948 2975 967 3025 3
1008 2973 1144 3033 quis
1171 2961 1283 3024 est,
1330 2954 1433 3033 qui
1462 2975 1609 3035 spon
1656 2963 1772 3026 eat,
1812 2955 2087 3023 eundem,
2134 2953 2187 3012 si

189 3035 460 3095 differtur
499 3035 744 3104 bellum,
771 3034 1035 3094 animum
1059 3039 1269 3114 postea
1306 3034 1487 3105 fore?
1526 3053 1730 3112 quum,
1778 3035 1831 3094 si
1876 3036 2187 3094 laxamen-

188 3121 318 3175 tum
360 3114 617 3184 d‘ederis,
670 3117 861 3174 ma‘or
886 3112 1375 3193 frequentiorque
1403 3112 1621 3194 legatio
1647 3113 1805 3174 itura
1831 3114 1912 3174 sit
1940 3134 1957 3172 ι
1997 3126 2185 3190 quum

191 3194 274 3263 id,
318 3195 479 3272 quod
505 3213 667 3254 nunc
696 3215 730 3253 o
777 3193 946 3254 endit
971 3195 1277 3262 EtruscoS,
1316 3211 1425 3252 rex
1470 3200 1705 3254 creatus
1752 3193 1942 3273 Vejis‚
1995 3189 2188 3271 spatio

188 3273 316 3332 inte
391 3273 542 3332 osito
581 3271 796 3334 mutari
843 3273 1051 3353 possit,
1095 3273 1196 3333 vel
1225 3291 1515 3332 consensu
1548 3272 1829 3340 civitatis,
1872 3277 1943 3330 ut
1989 3291 2059 3330 eo
2088 3283 2187 3328 re-

187 3351 358 3413 conci
383 3351 512 3412 ient
557 3352 818 3413 Etruriae
867 3353 1116 3422 animos,
1162 3353 1261 3410 vel
1304 3351 1493 3432 ipsius
1519 3351 1827 3412 voluntate
1852 3348 2030 3429 regiS,
2077 3347 2184 3427 qui

165 3435 418 3493 -obstare
443 3451 691 3512 regnum
721 3449 893 3492 suum
921 3431 1104 3491 saluti
1132 3430 1349 3490 civium
1379 3429 1565 3490 nolit..
1627 3429 1865 3496 Videte,
1892 3434 2039 3507 quot
2060 3421 2183 3498 res,

187 3514 368 3592 quam
407 3510 674 3580 inutiles,
701 3517 1028 3591 sequantur
1051 3511 1221 3570 illam
1266 3510 1426 3570 viam
1467 3507 1743 3570 consilii:
1774 3509 2014 3586 jactura
2040 3527 2183 3588 ope-

131 3647 140 3656 ,
185 3609 318 3650 rum
366 3595 534 3652 tanto
573 3590 774 3650 labore
813 3591 1124 3660 factorum,
1177 3589 1435 3651 vastatio
1458 3586 1777 3648 imminens
1804 3586 2015 3646 finium
2040 3605 2181 3646 nos-

191 3683 436 3740 trorum,
474 3671 799 3730 Etruscum
844 3670 1067 3730 bellum
1112 3688 1222 3750 pro
1270 3668 1521 3748 Vejente
1562 3664 1945 3724 concitatum.
2025 3666 2181 3748 Haeq

191 3755 350 3820 sunt,
376 3747 618 3818 tribuni,
645 3747 894 3813 consilia
931 3755 1152 3816 vestra,
1176 3765 1317 3816 non,
1340 3743 1603 3812 hercule,
1652 3741 1985 3810 dissimilia,
2030 3759 2103 3798 ac
2130 3753 2182 3794 ⁹1
