2400 4109
167 159 302 220 m-
595 230 601 234 *
976 153 1074 214 -Τ,
1099 153 1317 214 mvn

164 317 384 399 negata
409 313 766 397 Veientibus
793 312 1032 384 auxilia,
1051 317 1375 394 jussusque
1404 333 1511 374 suo
1536 312 1783 376 consilio
1807 311 2033 374 bellum
2050 311 2174 374 ini·

165 402 296 458 tum
351 395 478 457 suis
526 396 748 456 viribus
795 401 1062 474 exsequi,
1109 411 1221 456 nec
1250 395 1634 456 adversarum
1668 413 1863 453 rerum
1893 405 2177 472 quaerere

165 476 378 544 socios,
427 497 564 536 cum
611 475 826 555 quibus
865 495 1033 556 spem
1059 474 1349 556 integram
1388 473 1809 536 communicati
1835 494 1971 532 non-
1996 474 2124 534 sint
2154 494 2173 532 z

163 559 294 617 tum
315 556 593 625 dictator,
621 575 697 615 ne
723 555 1118 634 nequicquam
1148 561 1383 614 creatus
1412 563 1589 623 esset,
1614 553 1862 614 materia
1886 566 2175 632 quae‘ren-

165 634 260 694 dae
288 635 446 695 bello
471 635 670 716 gloriae
691 637 991 714 adempta,
1018 634 1082 693 in
1110 655 1257 715 pace
1284 633 1509 713 aliquid
1540 634 1733 714 operis
1762 634 1981 702 edere,
2004 633 2174 712 quod

165 723 616 776 monumentum
657 723 814 776 esset
840 714 1180 784 dictaturae,
1229 715 1493 794 cupienS,
1541 733 1853 791 censuram
1902 714 2177 774 minuere

167 805 379 935 Sarute
419 815 526 856 seu
553 792 794 856 nimiam
821 799 1176 875 potestatem
1208 803 1389 862 ratus,
1439 813 1543 853 seu
1574 814 1693 854 non
1722 801 1843 853 tam
1872 793 2177 873 magnitu-

211 895 312 946 ,ωε
351 875 606 944 honoris,
660 875 838 957 quam
883 874 1295 944 diuturnitate,
1348 873 1628 938 offensus.
1712 873 2017 934 Concione
2056 871 2175 934 ita-

169 974 291 1034 que
321 954 614 1016 advocata
655 966 690 992 ⁶⁸
712 953 1138 1037 rempublicam
1177 954 1323 1014 foris
1401 954 1747 1023 erendam,”
1804 953 1905 1022 ait.
1954 965 1989 991 “
2012 959 2176 1012 tuta-

169 1053 290 1112 que
315 1033 516 1094 omnia
539 1035 898 1115 praestanda,
921 1035 1081 1094 Deos
1099 975 1463 1096 immortaffes
1486 1034 1818 1114 suscepisse
1848 1053 1863 1091 z
1908 1053 1989 1102 se,
2012 1033 2179 1112 quod

165 1112 330 1179 intra
357 1134 558 1174 muros
579 1115 873 1196 agendum
895 1123 1074 1182 esset,
1102 1114 1365 1190 libertati
1392 1115 1593 1196 populi
1632 1113 1889 1174 Romani
1932 1112 2179 1173 consul·-

167 1197 414 1264 turum3
455 1194 771 1270 maximam
789 1201 996 1255 autem
1025 1195 1156 1273 ejus
1206 1195 1537 1254 custodiam
1566 1213 1717 1263 esse,
1746 1194 1797 1252 si
1825 1213 2041 1274 magna
2059 1192 2181 1251 im-

165 1272 338 1354 peria
378 1273 662 1334 diuturna
705 1293 826 1335 non·
865 1280 1106 1344 essent3
1149 1277 1210 1332 et
1263 1274 1545 1352 temporis
1590 1273 1798 1332 modus
1838 1271 2181 1354 imponere-

168 1357 288 1423 tur,
307 1353 534 1434 quibus*
541 1353 698 1433 juris
725 1353 947 1434 imponi
975 1372 1096 1412 non
1139 1359 1363 1432 posset.
1446 1353 1615 1413 Alios
1646 1353 2025 1434 magistratus
2065 1372 2185 1412 an-

165 1451 320 1492 nuos
361 1453 514 1502 esse,
555 1433 1079 1512 *quinquennalem
1123 1451 1477 1491 censuram:
1521 1453 1703 1513 grave
1755 1453 1907 1502 esse,
1961 1433 2181 1492 iisdem

249 1533 281 1571 r
308 1520 398 1573 tot
423 1532 608 1573 annos
651 1519 867 1594 magna
893 1517 1062 1593 parte
1105 1511 1246 1572 vitae
1290 1512 1570 1572 obnoxios
1600 1512 1800 1572 vivere
1829 1532 1848 1583 3
1888 1533 1953 1572 se
1981 1513 2181 1592 legem

195 1599 454 1662 uturum,
503 1613 580 1652 ne
609 1593 760 1673 plue,
783 1593 963 1671 quim
991 1611 1189 1651 annua
1216 1612 1286 1650 ac
1310 1592 1633 1660 semestris,
1662 1610 1916 1651 censura
1945 1593 2174 1654 esset.”

171 1671 488 1732 Censensu
541 1672 770 1753 ingenti
827 1671 1028 1752 populi
1077 1673 1268 1752 legem
1309 1680 1545 1751 postero
1586 1672 1685 1730 die
1728 1673 1992 1752 pertulit.
2072 1673 2177 1743 Et,

170 1761 208 1789 ¹⁶
229 1762 300 1810 ut
325 1771 390 1810 re
417 1753 614 1831 ipsa?
639 1751 858 1831 inquit,
885 1763 920 1790 “
950 1751 1170 1820 sciatis,
1198 1751 1481 1826 Quirites
1510 1753 1691 1830 quam
1716 1751 1860 1810 mihi
1888 1751 2183 1814 diuturna

173 1841 293 1890 non
319 1830 602 1909 placeant
627 1831 708 1890 im
753 1831 894 1900 eria,
939 1831 1240 1892 dictatura
1270 1851 1364 1888 me
1393 1831 1671 1891 abdico.”
1754 1832 2041 1910 Deposito
2068 1851 2183 1894 suo

173 1909 545 1990 magistratu,
587 1929 682 1969 mo
726 1931 761 1970 o
808 1910 1059 1970 aliorum
1087 1909 1461 1990 magistratui
1486 1910 1781 1990 imposito,
1834 1913 1954 1971 fine
1980 1911 2180 1985 alteri,

173 2007 311 2048 cum
340 1988 733 2070 gratulatione
762 2009 832 2049 ac
859 1988 1062 2049 favore
1087 1989 1315 2068 ingenti
1342 1989 1546 2070 populi
1573 1991 1810 2058 domum
1840 1999 1935 2050 est
1958 1991 2184 2070 reduc-

173 2073 292 2128 tus.
373 2069 670 2128 Censores
713 2070 871 2152 aegre
910 2067 1088 2149 passi,
1131 2069 1528 2138 Mamercum,
1570 2071 1733 2149 qnod
1758 2069 2177 2152 magistratum

173 2149 382 2228 populi
435 2149 689 2209 Romani
729 2148 1064 2218 minuisset,
1115 2148 1271 2209 tribu
1316 2157 1649 2218 moverunt,
1690 2150 2183 2230 octuplicatoque

179 2245 364 2288 censu
394 2229 669 2288 aerarium
699 2227 1018 2299 fecerunt3
1060 2249 1239 2320 quam
1281 2249 1409 2288 rem
1462 2229 1655 2308 ipsum
1704 2229 1937 2310 ingenti
1980 2231 2189 2293 animo

173 2307 386 2367 tulisse
426 2308 645 2378 ferunt,
702 2319 940 2368 causam
981 2309 1180 2387 potni‘s
1222 2307 1564 2388 ignominiae
1594 2308 1947 2379 intuentem,
1989 2311 2181 2389 quam

171 2385 555 2466 ignominiam
581 2407 600 2458 3
639 2388 928 2460 primores
955 2389 1219 2457 Pati-‘firm
1249 2409 1587 2468 quanquam
1628 2389 1997 2450 deminutum
2030 2410 2213 2450 cen--

175 2485 332 2526 surae
353 2469 456 2546 jus
484 2471 839 2537 noluissent,
883 2470 1154 2560 exemplo
1195 2470 1537 2528 acerbitatis
1565 2489 1849 2531 censorlae
1880 2471 2141 2530 ostensos
2158 2490 2179 2531 ε

173 2545 394 2625 quippe
421 2566 604 2623 quum
633 2568 699 2606 se
726 2547 982 2625 quisque
1009 2547 1237 2607 dlutius
1259 2567 1329 2606 ac
1349 2549 1574 2628 saepiiis
1604 2551 1933 2630 subjectum
1962 2569 2187 2610 censo-

173 2625 338 2684 ribus
363 2625 488 2684 fore
517 2633 809 2694 cerneret,
855 2628 1035 2704 quam
1063 2645 1371 2686 censuram
1397 2635 1721 2708 gesturum.
1801 2627 2014 2710 Populi
2044 2649 2174 2690 cer·

173 2704 236 2762 te
260 2709 430 2762 tanta
455 2703 1281 2786 indignatiffcoortadicitur,
1329 2711 1398 2765 ut
1438 2707 1528 2765 vis
1559 2708 1593 2765 εἴ
1624 2705 1963 2768 censoribus
1991 2710 2189 2770 nulli·

172 2801 244 2842 us
286 2783 659 2854 auctoritate,
688 2791 1088 2866 praeterquam
1116 2784 1305 2866 ipsius
1329 2787 1648 2858 Mamerci,
1703 2788 1997 2850 deterreri
2036 2789 2179 2869 qui-

172 2862 348 2922 verit.
402 2913 407 2916 .
2091 2901 2108 2912 -

253 2943 444 3002 XXV.
487 2944 740 3005 Tribuni
799 2943 1036 3025 plebiS,-
1077 2943 1333 3006 assiduis
1382 2947 1765 3010 concionibus
1809 2948 2184 3028 probibendo¹

169 3023 510 3084 consularia
553 3025 810 3094 comitia,
839 3027 1023 3103 quum
1045 3045 1144 3084 res
1170 3028 1353 3106 prope
1380 3027 1456 3085 ad
1484 3027 1888 3108 interregnum
1906 3029 2179 3108 ¹perduc-

172 3107 238 3163 ta
264 3111 440 3174 esset,
465 3104 697 3165 evicere
725 3105 990 3174 tandem,
1017 3111 1086 3164 ut
1113 3103 1333 3164 tribuni
1360 3106 1617 3166 militum
1644 3109 1947 3168 consulari
1972 3116 2186 3190 potes-2

169 3188 298 3243 tate
323 3191 668 3244 crearentur
695 3207 710 3242 ε
751 3184 1020 3244 victoriae
1049 3184 1383 3264 praemium,
1410 3188 1570 3264 quod
1598 3190 1929 3278 petebatur,
1957 3196 2026 3248 ut
2042 3191 2179 3271 ple-

171 3263 340 3324 beius
369 3271 688 3335 crearetur,
717 3264 1089 3323 nullumfuit
1115 3284 1134 3334 ;
1175 3284 1378 3324 omnes
1402 3267 1643 3345 patncli
1670 3269 1855 3328 creati
1882 3276 2041 3338 sunt,
2084 3271 2197 3332 M.-

173 3341 393 3404 Fabius
419 3342 886 3414 VibulanuS,·M.
913 3343 1174 3413 Fossius,
1217 3345 1291 3403 L.
1334 3345 1575 3426 Sergius
1619 3347 1894 3408 Fidenae.
1976 3351 2181 3410 Pesti-

169 3418 360 3483 lentia
387 3443 458 3482 eo
484 3445 640 3487 anno
677 3424 928 3485 aliarum
958 3443 1150 3482 rerum
1175 3424 1359 3482 otium
1428 3426 1641 3486 raebuit
1663 3448 1682 3498 3
1724 3429 1875 3488 sedis
1898 3429 2181 3507 Apollini
2280 3496 2285 3500 ,

169 3513 278 3574 pro
301 3502 647 3565 valetudine
689 3504 891 3586 populi
937 3509 1078 3562 vota
1117 3509 1254 3570 est;
1295 3523 1395 3562 mu
1422 3510 1487 3564 ta
1532 3506 1829 3566 duumviri
1860 3527 1935 3566 ex
1972 3507 2174 3582 libris,

169 3573 480 3648 placandoe
512 3585 708 3645 Deum
732 3584 860 3654 irae,
904 3583 1369 3662 avertendaeque
1397 3584 1432 3644 a
1472 3585 1693 3666 populo
1727 3586 1911 3666 pestis
1952 3595 2174 3660 causa,

171 3647 368 3711 fecere
397 3677 418 3712 :—
453 3679 666 3738 magna
711 3671 912 3724 tamen
953 3662 1158 3722 clades
1211 3662 1275 3722 in
1322 3666 1465 3724 urbe
1492 3668 1784 3748 agrisque,
1826 3663 2177 3744 promiscue

169 3719 471 3792 hominum
494 3757 896 3827 pecorumque
935 3743 1219 3828 pernicie,
1244 3750 1537 3826 acceptu
1577 3745 1795 3816 famem
1834 3744 2177 3810 cultoribus
2206 3775 2215 3784 ·
