2400 4109
231 136 348 194 1³4
548 215 556 226 ι
1073 129 1153 190 T.
1179 127 1397 190 L1v11
1482 139 1484 144 ·
1558 143 1560 150 ·

229 309 489 370 quaeque
516 288 706 349 forma
731 292 910 356 esset,
934 286 1188 346 tribunis
1210 285 1475 346 Ynilitum
1500 286 1830 366 imperavit,
1870 293 1941 348 ut
1968 289 2265 350 sarcinas‘

229 370 295 430 in
321 391 502 430 unum
533 369 751 448 conjici
767 371 1038 447 jubeant,
1081 366 1331 425 militem
1362 387 1495 426 cum
1525 367 1702 426 armis
1731 368 2010 448 valloque
2038 370 2245 430 redire

229 450 294 510 in
321 450 562 510 ordines
603 468 784 518 suos3
825 447 1000 514 facta,
1029 466 1165 524 quae
1199 445 1535 526 imperavit.
1618 449 1795 517 Tum,
1838 469 1956 527 quo
1997 450 2248 510 fuerant

229 530 438 588 ordine
486 530 545 588 in
590 529 726 607 via,¹
753 527 1080 586 exercItum
1127 545 1361 586 omnem
1382 527 1576 608 'longo
1624 529 1861 607 agmine
1902 529 2243 590 circumdat

225 609 488 668 hostium
529 608 758 675 castris),
806 613 886 675 et,
925 605 1028 667 ubi
1056 604 1108 664 si
1149 626 1292 664 num
1318 607 1527 666 datum
1558 607 1653 675 sit,
1684 608 2001 668 clamorem
2030 627 2243 668 omnes

227 689 444 750 tollere
461 690 673 770 jubet3
717 687 974 745 clamore
1001 689 1110 764 sub
1139 692 1255 754 ato,
1282 695 1424 746 ante
1452 705 1515 746 se
1544 705 1843 766 quemque
1870 688 2091 748 ducere
2116 687 2245 748 fos-

231 789 379 838 sam,
409 783 472 829 et
483 771 686 848 jacere
709 767 952 825 vallum.
1031 765 1215 832 Edito
1238 765 1503 846 imperio,
1532 767 1768 846 signum
1796 774 2069 827 secutum
2098 775 2196 828 est
2222 787 2243 839 ς

223 850 397 942 jussa
418 851 588 908 miles
615 847 980 925 exsequitur,
1001 845 1231 906 'clamor
1258 846 1457 905 hostes
1487 845 1903 908 circumsonat.
1986 849 2247 928 Superat

230 930 375 992 inde
401 933 599 988 castra
625 926 900 995 hostium,
941 933 1004 986 et
1029 925 1093 984 in
1117 933 1315 986 castra
1356 925 1616 984 consulis
1645 928 1807 986 venit
1831 949 1846 985 ι
1888 927 2029 986 alibi
2056 948 2247 1008 pavo·

230 1029 379 1078 rem,
407 1007 545 1068 alibi
563 1006 846 1087 gaudium
867 1006 1078 1086 ingens
1103 1005 1269 1065 facit.
1348 1006 1622 1074 Romani,
1647 1019 1683 1042 “
1706 1007 1943 1066 civilem
1962 1027 2095 1067 esse
2115 1009 2245 1068 cla-

152 1099 153 1102 ’
231 1103 475 1162 morem,
517 1095 699 1165 atque
727 1084 1010 1146 auxilium
1055 1085 1331 1155 adesse,”
1373 1083 1533 1165 inter
1558 1107 1624 1145 se
1663 1088 2053 1167 gratulanteS,
2081 1087 2247 1148 ultro

235 1174 317 1230 ex'
339 1166 693 1227 stationibus
721 1186 791 1232 ac
818 1165 1344 1246 vigiliis‘territant
1378 1165 1626 1226 hostem.
1708 1166 1935 1226 Consul
1962 1167 2248 1227 differen-

225 1249 380 1308 dum
406 1255 602 1328 negat.
681 1258 716 1282 “
747 1246 857 1304 1110
887 1247 1143 1306 clamore
1171 1265 1288 1304 non
1328 1246 1652 1306 adventum
1681 1247 1859 1306 modo
1900 1246 2248 1336 significari,
2312 1287 2319 1293 -

183 1377 192 1386 .
229 1328 346 1390 sed
377 1331 497 1388 reni
541 1329 612 1386 ab
635 1324 764 1396 suis
793 1333 1092 1406 coeptam:
1136 1326 1469 1405 mirumque
1500 1345 1648 1394 esse,
1698 1327 1762 1385 ni
1794 1329 1921 1406 jam
1950 1328 2249 1388 exteriore

235 1414 408 1490 parte
445 1413 640 1466 castra
665 1404 918 1464 hostium
949 1411 1385 1486 oppugnentun
1426 1407 1684 1485 stItaque
1727 1415 1891 1466 arma
1933 1427 2070 1466 suos
2099 1428 2247 1488 cap-

239 1509 361 1558 ere,
389 1496 452 1547 et
477 1508 543 1547 se
571 1486 894 1564 subsequi„
929 1487 1119 1566 jubet.
1142 1552 1146 1562 „
1199 1485 1399 1544 Nocte
1425 1484 1639 1544 initum
1666 1486 1943 1567 proelium
1972 1493 2066 1546 est
2094 1488 2129 1546 εἴ
2157 1489 2253 1547 le-

237 1567 548 1650 gionibus:
590 1564 870 1625 dictatori
899 1567 1157 1626 clamore
1187 1564 1545 1646 significant,
1596 1569 1668 1625 ab
1696 1587 1768 1625 ea
1795 1587 2031 1646 quoque
2072 1574 2249 1646 parte

237 1667 366 1708 rem
406 1649 470 1706 in
497 1645 839 1711 discrimine
869 1665 1020 1705 esse.
1099 1647 1233 1706 Jam
1276 1667 1339 1705 se
1381 1646 1455 1705 ad
1487 1645 1850 1726 prohibenda
1878 1647 2245 1706 circumdari

237 1747 418 1808 opera
444 1725 629 1806 AEqui
655 1729 959 1807 parabant,
997 1745 1202 1808 quum,
1230 1729 1303 1784 ab
1330 1724 1608 1785 interiore
1634 1727 1803 1785 hoste
1828 1726 2045 1806 proelio
2076 1746 2244 1807 coep-

237 1813 322 1875 to,
347 1827 423 1880 ne
447 1827 557 1885 per
578 1805 774 1865 media
803 1825 909 1865 sua
937 1813 1140 1864 castra
1161 1806 1335 1864 fieret
1362 1805 1611 1885 erupti0,
1658 1807 1691 1864 εἴ
1732 1805 2138 1864 munientibus
2170 1807 2247 1866 ad

237 1894 574 1968 pugnantes
622 1885 944 1944 introrsum
985 1883 1160 1953 versi,
1208 1903 1458 1944 vacuam
1501 1892 1737 1944 noctem
1778 1885 1941 1966 operi
1984 1886 2247 1958 dedere;

237 1971 686 2048 pugnatumque
714 1984 849 2023 cum
878 1964 1121 2023 consule
1163 1964 1241 2024 ad
1284 1965 1478 2022 lucem
1506 1971 1615 2022 est.
1700 1967 1869 2024 Luce
1895 1966 2087 2045 prima
2118 1969 2249 2045 jam

205 2042 211 2046 ”
243 2043 680 2114 circumvallati
706 2047 780 2104 ab
801 2043 1091 2104 dictatore
1117 2050 1307 2112 erant,
1336 2050 1400 2102 et
1425 2043 1524 2112 vix
1551 2044 1838 2104 adversus
1864 2066 2046 2106 unum
2078 2066 2249 2106 exer-

241 2126 426 2187 citum
469 2145 722 2217 pugnam
754 2124 1168 2194 sustinebant3
1209 2131 1337 2184 tum
1367 2125 1401 2182 a
1424 2124 1783 2197 Quinctiano
1810 2125 2095 2194 exercitu,
2144 2126 2249 2206 qui

243 2205 560 2267 confestim
590 2206 622 2263 ai
645 2205 910 2286 perfecto
938 2223 1115 2284 opere
1137 2205 1215 2264 ad
1242 2225 1407 2263 arma
1434 2204 1629 2272 rediit,
1650 2204 1953 2265 invaditur
1974 2205 2205 2266 vallum
2234 2227 2252 2278 3

239 2286 339 2347 hic
377 2287 636 2346 instabat
662 2305 816 2344 nova
841 2305 1079 2366 pugnat
1119 2284 1225 2346 illa
1265 2285 1410 2364 nihil
1454 2284 1766 2343 remiserat
1804 2285 1981 2366 prior.
2066 2285 2256 2357 Tum,

243 2365 490 2446 ancipiti
519 2365 676 2424 malo
702 2371 968 2444 urgente,
1019 2366 1052 2422 εἰ
1094 2364 1309 2445 proelio
1337 2365 1412 2424 ad
1438 2382 1647 2444 preces
1670 2367 1846 2434 versi,
1887 2365 2025 2424 hinc
2055 2364 2257 2426 dicta-

243 2453 455 2521 torem,
481 2444 619 2504 hinc
649 2445 952 2504 consulem
976 2443 1163 2514 orare,
1204 2465 1282 2504 ne
1302 2445 1368 2504 in
1395 2443 1702 2504 occidione
1730 2445 2037 2504 victoriam
2107 2465 2257 2507 one-

243 2531 401 2594 rent,
428 2532 496 2585 ut
521 2525 778 2584 inermes
809 2543 874 2583 se
894 2523 1036 2582 inde
1053 2525 1224 2584 ‘abire
1254 2521 1535 2584 sinerent.
1618 2527 1715 2584 Ab
1743 2527 1985 2585 consule
2013 2533 2073 2584 a<
2120 2525 2257 2585 dic-

243 2599 503 2668 tatorem
543 2603 630 2662 ire
649 2603 836 2684 jussis
863 2602 1246 2694 ignominiam
1272 2603 1545 2664 infensus
1573 2604 1825 2664 addidit.
1906 2605 2254 2682 Gracchum

235 2682 530 2744 ‘Cloelium
570 2683 785 2744 ducem
815 2682 1232 2762 principesque
1260 2682 1408 2743 alios
1429 2683 1661 2743 vinctos
1703 2686 1780 2745 ad
1826 2705 1889 2744 se
1912 2684 2130 2746 adduci
2148 2688 2256 2764 ju-

145 2811 152 2826 .
244 2765 367 2833 bet,
419 2783 496 2844 op
537 2762 636 2826 ido
665 2762 960 2822 Corbione
988 2761 1240 2841 decedi3
1280 2773 1315 2798 “
1338 2763 1653 2843 Sanguinis
1681 2785 1745 2824 se
1772 2767 2104 2844 AEquorum
2130 2762 2256 2825 non

250 2864 459 2924 egeret
498 2785 687 2903 iicere
725 2843 925 2903 abire-z
973 2843 1100 2912 sed,
1147 2851 1218 2902 ut
1260 2843 1622 2923 exprimatur
1664 2844 1907 2904 tandem
1937 2844 2259 2916 confessio,

251 2927 559 2994 subactam
586 2923 1072 3002 dominatamque
1099 2943 1232 2984 esse
1259 2929 1516 3002 gentem,
1544 2927 1653 2984 sub
1684 2927 1897 3005 jugum
1924 2924 2255 2985 abituros„

253 3002 682 3071 Tribushastis
691 3005 908 3084 jugum
923 3003 1014 3073 fit,
1029 3003 1170 3064 hum
1194 3003 1330 3064 fixis
1346 3004 1591 3073 duabm,
1614 3024 1911 3084 superque
1934 3024 2035 3065 eas
2053 3013 2255 3066 trans-

251 3090 428 3146 versa
454 3089 578 3145 una
606 3084 867 3164 deligata
898 3104 916 3153 ς
957 3087 1066 3144 sub
1092 3084 1200 3143 hoc
1221 3087 1367 3164 Jugo
1393 3084 1651 3142 dictator
1678 3085 1913 3163 AEquos
1939 3083 2120 3144 misit.

335 3163 560 3224 XXIX.
602 3163 834 3225 Castris
872 3163 1130 3224 hostium
1170 3162 1443 3242 receptis,
1490 3163 1685 3242 plenis
1726 3166 1987 3224 omnium
2036 3184 2259 3237 rerum,

255 3245 474 3384 §landos
516 3242 676 3303 enim
716 3243 1014 3326 emiserat)
1063 3244 1327 3336 praedam
1367 3239 1749 3304 omnem'suo
1795 3246 2032 3304 tantum
2077 3247 2261 3307 militi

258 3382 262 3386 ,
299 3324 460 3384 edit:
501 3324 870 3383 consularem
901 3330 1227 3383 exer-cltum
1253 3324 1567 3403 ipsumque
1591 3324 1899 3385 consulem
1916 3325 2259 3406 increpanS,

254 3413 293 3449 -·‘
317 3403 630 3474 Carebi5,”
671 3402 888 3482 inquit,
935 3403 1211 3482 “praedae
1276 3412 1423 3472 arte,
1464 3403 1653 3473 milam
1696 3425 1770 3464 ex
1810 3426 1881 3466 eo
1919 3405 2108 3474 hoste,
2160 3407 2261 3467 cui

256 3483 442 3558 prope
483 3483 702 3562 praedae
725 3482 892 3542 fuisti
915 3503 934 3554 ς
975 3489 1038 3542 et
1075 3487 1164 3551 tu,
1191 3497 1208 3508 ‘
1278 3525 1293 3541 .
1335 3483 1590 3552 Minuci,
1638 3483 1827 3544 donec
1878 3485 2259 3546 consularem

159 3607 163 3612 .
257 3555 521 3618 animum
562 3561 812 3643 incipias
855 3563 1088 3631 habere,
1135 3562 1370 3642 legatus
1424 3563 1515 3625 his
1556 3564 1881 3645 legionibus
1935 3567 2255 3642 praeeris.”

258 3627 358 3686 Ita
384 3651 448 3692 se
488 3639 798 3702 Minucius
826 3642 1064 3702 abdicat
1089 3643 1437 3722 consulatur
1450 3646 1774 3735 jussusque
1814 3641 1891 3700 ad
1920 3644 2259 3707 exercitum

253 3717 478 3770 met·
541 3719 678 3812 ‘Sed
717 3718 1062 3813 adeo-atum
1083 3721 1333 3805 imperio
1382 3724 1611 3786 melion
1656 3739 1887 3808 animus
1940 3727 2259 3816 mansuete

1986 4005 2015 4034 l

283 4045 898 4106 Q*
