2400 4109
163 188 282 262 ‚142
990 181 1070 242 τ.
1109 175 1326 242 mvn

83 371 122 426 ‘2'
155 342 468 423 imperium
508 318 820 402 referrent.¹
897 343 1120 402 Jubent
1159 338 1343 400 acciri
1384 336 1611 408 omnes,
1658 343 2052 419 senatumque
2092 341 2163 402 in

89 428 98 438 '
157 421 320 481 diem
351 427 669 513 ‘posterum
704 421 960 513 *edicunt
978 442 996 491 3
1049 420 1154 498 qui
1210 419 1551 558 ιιὶὶὲξιωιῒὸκ
1574 423 1679 478 s'e
1730 423 1996 510 ipsorum
2037 419 2164 512 fr?-

160 509 438 579 quentior
469 509 791 572 convenit3
833 520 950 578 quo
991 499 1154 560 facto
1180 520 1289 580 pro
1333 506 1475 564 itam
1520 521 1555 556 a
1633 502 1859 558 atribus
1888 499 2059 580 plebs
2083 499 2164 561 11-

157 577 455 640 beitatem
481 587 629 649 rata,
656 580 816 658 quod
844 579 936 649 iis,
977 580 1081 658 qui
1115 581 1247 658 jam
1272 577 1620 658 magistratu
1650 581 1934 646 abissent,
1961 577 2165 658 priva-

31 711 60 720 .,
105 657 118 670 '
157 659 393 739 tisque„
419 661 468 720 si
497 661 586 720 vis
613 663 865 729 abesset,
904 667 1194 738 tanquam
1212 661 1350 739 jure
1380 655 1745 739 cogentibus,
1786 667 2027 718 senatus
2056 679 2165 739 pa·-

129 740 401 802 'ruisset.
1117 761 1126 772 ·
1890 799 1894 804 ,
1967 779 1971 784 -

242 821 524 880 XXXIX.
567 820 688 880 Sed
743 819 929 900 magis
983 819 1329 880 obedienter
1378 824 1625 878 ventum
1678 817 1741 878 in
1784 817 2009 878 curiam
2050 823 2169 888 est,

161 901 344 978 quam
387 901 631 960 obnoxie
679 901 873 964 dictas
921 898 1251 958 sententias
1301 897 1654 978 accepimus.
1737 899 1810 956 L.
1853 897 2169 958 Valerium

161 980 452 1048 Potitum,
493 980 792 1060 proditum
819 979 1122 1040 memoriae
1151 985 1263 1048 est,
1290 985 1423 1056 post
1451 977 1801 1038 relationem
1832 979 1885 1062 ᾼ
1935 1019 1950 1036 .
1978 977 2166 1036 Clau-

163 1059 267 1126 dii,
307 1059 654 1139 priusquam
696 1059 900 1120 ordine
945 1059 1263 1118 sententiae
1295 1063 1669 1138 rogarentur,
1712 1063 1887 1137 postu
1915 1057 2069 1116 ando
2096 1063 2171 1118 ut

160 1139 238 1197 de
270 1140 570 1218 republica
597 1139 810 1198 liceret
837 1139 1056 1207 dicere,
1102 1137 1540 1218 prohibentibus
1566 1135 1882 1196 minaciter
1924 1136 2167 1196 decen-

161 1217 327 1287 viris,
380 1219 752 1298 proditurum
795 1236 859 1278 se
912 1219 990 1278 ad
1035 1219 1269 1298 plebem
1310 1216 1792 1285 denunciantem,
1830 1216 2170 1276 -mmultum

161 1293 474 1358 excivisse.
566 1301 700 1358 N'ec
754 1300 952 1358 mimis
1003 1291 1285 1358 ferociter
1339 1297 1431 1356 M.
1474 1295 1789 1356 Horatium
1834 1297 2165 1356 Barbatum

159 1376 278 1436 isse
326 1378 390 1436 in
440 1387 784 1450 certamen„
809 1391 844 1414 “
869 1380 1096 1438 Decem
1138 1376 1548 1457 Tarquinios„
1591 1376 2014 1458 appellantem,
2055 1375 2171 1434 ad-

160 1465 638 1538 monentemque,
685 1471 720 1494 “
743 1457 1004 1519 Valeriis
1045 1464 1109 1517 et
1135 1457 1406 1518 Horatiis
1448 1457 1701 1517 ducibus
1742 1455 1949 1536 pulsos
1978 1475 2171 1536 reges.
2218 1478 2229 1486 “

161 1538 300 1597 Nec
330 1539 581 1599 nominis
607 1539 874 1598 homines
917 1545 1046 1596 tum
1073 1546 1397 1617 pertaesum
1426 1557 1557 1598 esse
1582 1558 1601 1608 3
1642 1537 1861 1616 quippe
1902 1556 2021 1614 quo
2062 1536 2167 1595 Jo-

159 1637 297 1676 vem
346 1619 633 1699 appellari
673 1618 764 1679 fas
795 1620 890 1687 sit,
941 1635 1064 1696 quo·
1087 1619 1407 1678 Romulum
1442 1617 1805 1687 conditorem
1838 1616 2018 1695 urbiS,
2060 1615 2173 1675 de-

161 1695 492 1777 incepsque
519 1719 688 1781 reges
729 1699 1077 1779 appellatos,
1125 1697 1284 1776 quod
1316 1697 1499 1758 sacris
1528 1697 1739 1772 stiam,
1788 1701 1859 1754 nt
1904 1697 2178 1765 solenne,
2224 1732 2231 1737 ·

161 1781 463 1836 retentum
492 1778 588 1836 sit.
671 1778 1020 1860 Superbiam
1046 1777 1513 1856 violentiamque
1540 1783 1667 1836 tum
1696 1795 1937 1856 perosos
1964 1775 2121 1856 regis
2154 1796 2175 1846 3

157 1873 299 1932 quae
329 1856 381 1914 si
405 1856 468 1916 iu
497 1855 636 1937 rege
665 1865 791 1916 tum
822 1858 1053 1925 eodem,
1079 1863 1184 1916 aut
1210 1857 1273 1915 in
1304 1857 1429 1917 filio
1454 1856 1631 1936 regie,
1652 1855 1903 1918 ferenda
1926 1875 2045 1914 non
2068 1855 2170 1914 fu-

163 1933 337 2003 erint,
365 1955 542 2016 quem
567 1938 820 1996 laturum
852 1937 912 1995 in
942 1943 1032 1994 tot
1051 1936 1349 2016 privatis?
1428 1937 1741 2005 Viderent,
1788 1955 1884 2006 ne,
1909 1935 2175 1996 vetando

159 2011 226 2074 in
255 2015 422 2076 curia
461 2015 642 2076 libere
668 2015 934 2076 homines
961 2015 1147 2094 loqui,
1187 2023 1371 2084 ,extra
1400 2015 1625 2075 curiam
1654 2017 1831 2076 etiam
1860 2021 2178 2076 moverent

161 2113 408 2167 vocem3
449 2117 644 2176 neque
673 2116 738 2156 se
780 2096 1002 2165 videre,
1032 2101 1157 2175 ¹qui
1185 2095 1298 2155 sibi
1328 2096 1525 2156 minus
1552 2095 1795 2176 privato
1826 2097 1904 2158 ad
1933 2095 2198 2178 concio<
2263 2159 2285 2166 ,
2396 2101 2398 2176 J

161 2193 299 2234 nem
351 2179 636 2314 populum
680 2197 916 2247 vocare,
964 2180 1145 2256 quam
1171 2174 1311 2235 'illis
1366 2183 1640 2235 senatum
1686 2197 1925 2257 cogere,
1967 2175 2179 2234 liceat.

163 2254 286 2316 Ubi
329 2257 425 2315 vel
455 2260 577 2326 ent,
627 2257 1058 2336 experirentur,
1106 2263 1331 2336 quanto
1378 2256 1633 2316 ferocior
1680 2257 1845 2318 dolor
1894 2256 2177 2315 libertate

163 2341 274 2394 sua
303 2333 685 2404 vindicanda,
730 2336 913 2413 quam
941 2331 1240 2414 cupiditas
1266 2336 1493 2414 injusta
1536 2336 1941 2400 dominatione
1990 2341 2177 2395 esset.

164 2415 258 2474 De
283 2415 442 2475 bello
469 2414 688 2474 Sabino
715 2433 817 2474 eos
861 2413 1082 2474 referre
1108 2435 1126 2485 3
1167 2421 1455 2493 tanquam
1498 2416 1691 2493 majus
1716 2415 1906 2476 ullum
1940 2416 2175 2494 vpopulo

161 2495 433 2568 Romano
472 2494 696 2553 bellum
739 2494 834 2562 sit,
883 2495 1066 2573 quam
1094 2515 1231 2554 cum
1262 2495 1337 2554 iis
1402 2494 1524 2572 qui,
1564 2495 1762 2584 legum
1788 2493 2176 2572 ferendarum

163 2581 345 2633 causa
375 2573 580 2642 creati,
625 2573 771 2633 nihil
807 2575 964 2653 juris
984 2573 1047 2631 in
1079 2574 1289 2633 civitat
1364 2573 1758 2652 reliquerint3
1800 2575 1905 2653 qui
1934 2572 2177 2632 comitia

161 2651 267 2730 qui
289 2671 515 2712 annuos
537 2652 939 2732 magistratu&
959 2653 1066 2732 qui
1083 2653 1564 2712 vicissitudinem
1587 2650 1969 2734 imperitandi
1990 2653 2181 2733 (quod

160 2749 346 2790 unum
375 2732 768 2824 exaequandae
799 2732 878 2794 sit
905 2732 1221 2813 libertatis)
1253 2731 1611 2791 sustulerint
1627 2753 1659 2802 3-
1688 2733 1791 2813 qui
1814 2731 2031 2814 privati
2052 2731 2179 2792 fas-

44 2883 55 2890 ·
163 2831 266 2870 ces
287 2819 349 2870 et
373 2817 600 2892 regium
623 2811 938 2893 imperium
959 2807 1235 2872 habeant.
1281 2812 1509 2880 Fuisse,
1537 2812 2052 2892 regibuS,exactiS‚
2069 2830 2181 2892 pa-

159 2889 364 2952 tricios
391 2891 771 2972 magistratus
801 2901 1032 2952 creatos
1061 2913 1078 2963 3
1119 2899 1347 2974 postea,
1374 2900 1511 2973 post
1539 2893 1939 2954 secessionem
2011 2891 2183 2962 lebis,

159 2971 441 3052 plebeios.
523 2971 716 3052 Cujus
744 2972 835 3031 illi
864 2972 1050 3053 partis
1081 2975 1349 3041 essent?
1392 2972 1677 3052 rogitare:
1724 2975 1963 3055 .“Popu
1994 2993 2129 3032 ares
2153 2973 2182 3031 P

161 3051 310 3129 quid
327 3051 486 3112 enim
508 3072 608 3111 eos
637 3071 747 3131 per
763 3053 1050 3132 populum
1068 3055 1260 3132 egisse
1284 3054 1309 3110 P
1336 3051 1389 3110 Ο
1433 3053 1673 3112 timates
1698 3055 1723 3110 P
1752 3053 1858 3132 qui
1879 3072 2035 3112 anno
2047 3053 2183 3132 jam

205 3133 341 3211 rope
357 3137 626 3200 senatum
647 3152 766 3190 non
786 3132 1096 3192 habuerint
1108 3151 1126 3200 3
1143 3139 1291 3190 tunc
1304 3132 1391 3192 ita
1448 3135 1677 3199 abeant,
1696 3140 1766 3192 ut
1784 3134 1861 3192 de
1874 3132 2190 3212 republica-

159 3151 324 3288 foqui
349 3211 694 3290 prohibeant
717 3211 742 3268 P
823 3211 924 3270 Ne
945 3210 1196 3272 nimium
1220 3211 1284 3270 in
1305 3215 1469 3272 metu
1492 3212 1689 3271 alieno
1708 3213 1830 3292 spei
1855 3217 2144 3292 ponerent
2162 3234 2183 3282 ς

160 3290 451 3366 graviora,
492 3309 630 3370 quoe
676 3290 1001 3372 patiantur,
1039 3289 1233 3353 videri
1268 3293 1399 3372 jam
1436 3290 1791 3363 hominibuS,
1832 3293 2012 3372 quim
2040 3311 2184 3370 quae

159 3371 500 3430 metuant.”
663 3395 670 3402 ·
1421 3401 1428 3406 .

245 3447 375 3506 XL.
422 3450 572 3510 Haec
615 3450 988 3510 vociferante
1018 3447 1293 3517 Horatio,
1342 3469 1525 3527 quum
1557 3450 1881 3510 decemviri
1908 3470 2021 3508 nec
2062 3449 2181 3513 irae

162 3533 274 3576 nec
301 3523 653 3601 ignoscendi
679 3529 917 3589 modum
947 3549 1013 3588 re
1093 3528 1305 3598 rirent,
1353 3548 1484 3600 nec,
1514 3532 1633 3608 quo
1660 3535 1909 3590 evasura
1940 3547 2037 3586 res
2082 3551 2183 3589 es-

165 3599 275 3660 set,
329 3616 642 3668 cernerent
663 3628 682 3678 3
727 3609 799 3669 C.
842 3609 996 3668 Clau
1042 3607 1104 3679 ii,
1161 3609 1267 3686 qui
1309 3615 1558 3688 patruus
1616 3611 1673 3668 A
1714 3607 1797 3687 pii
1850 3606 2183 3670 decemviri

165 3675 312 3754 θΐξὶῒ»
355 3683 539 3741 oratio
579 3687 695 3746 fuit
718 3689 1019 3779 precibuS,
1065 3688 1249 3767 quam
1282 3689 1500 3770 jurgio,
1544 3688 1674 3748 simi
1700 3687 1770 3756 is,
1810 3685 2039 3746 orantis
2062 3708 2181 3766 per

148 3759 259 3808 ,sul
275 3745 308 3802 f
310 3755 480 3812 ratris
506 3772 888 3850 parentisque
917 3770 1046 3851 ejus
1087 3787 1296 3831 manes
1318 3789 1339 3841 3
1378 3780 1413 3806 ‘⁶
1440 3769 1527 3830 Ut
1568 3766 1760 3828 civilis
1790 3765 1991 3848 potius
2020 3767 2180 3830 soci-
