2400 4109
249 142 370 203 22⁸
1082 136 1162 236 T.
1187 135 1403 198 len

251 295 304 356 si
327 315 346 366 ;
385 315 582 374 neque
609 298 713 354 aut
738 289 802 352 in
829 291 1054 355 curiam
1079 291 1297 360 vocati,
1344 291 1559 370 quibus
1604 311 1702 352 res
1780 311 1954 354 nsum
1982 293 2240 364 daretur,

251 382 359 436 aut
387 375 589 436 limine
618 370 800 456 curiae
833 374 1245 432 continebatur
1287 378 1529 432 senatus
1558 392 1575 430 ε
1616 393 1679 432 se
1768 393 1870 452 pro
1899 392 1961 432 se
1990 373 2241 452 quisque

252 473 330 514 ex
377 454 678 533 superiore
721 452 851 510 loco
878 454 954 510 ad
981 450 1447 521 multitudinem,
1474 450 1537 510 in
1566 451 1803 510 comitio
1830 457 2114 522 stantem,
2139 473 2241 512 vo-

249 553 320 594 ce
345 533 733 611 manibusque
775 527 1107 609 significare
1148 529 1447 610 pubiicam
1485 530 1781 590 laetitiam.
1862 532 2117 592 Beatam
2143 553 2239 591 ur-

247 615 378 672 bem
413 614 758 679 Romanam,
786 618 846 668 et
871 607 1172 678 invictam,
1217 619 1279 670 et
1324 617 1608 670 aeternam
1650 611 1757 670 illa
1788 611 2109 682 concordia
2151 612 2234 670 di·

251 713 388 752 cere
418 713 434 748 z
475 693 722 751 laudare
749 689 998 763 equites,
1053 691 1299 750 laudare
1324 689 1575 770 plebem,
1624 689 1783 748 diem
1812 690 2006 770 ipsum
2046 691 2239 751 laudi·

247 774 360 831 bus
401 771 600 832 ferre:
641 771 856 828 victam
907 790 1038 829 esse
1086 769 1261 828 fateri
1309 767 1648 829 comitatem
1696 769 2239 850 benignitatemque

249 857 514 912 senatus.
594 844 884 908 Certatim
941 849 1217 908 Patribus
1272 848 1546 928 plebique
1592 866 1835 908 manare
1882 849 2101 930 gaudio
2156 851 2237 912 la-

247 931 450 992 crimae
478 951 496 999 ;
535 929 746 998 donec,
775 929 1064 989 revocatis
1093 928 1155 986 in
1179 929 1397 1006 curiam
1430 927 1725 996 Patribus,
1754 931 2237 990 senatusconsul-

243 1015 373 1070 tum
402 1010 624 1068 factum
668 1014 779 1076 est,
835 1017 873 1042 “
901 1009 984 1068 Ut
1007 1007 1231 1068 tribuni
1278 1008 1586 1076 militare&
1614 1006 1901 1068 concione
1928 1008 2237 1079 advocata,
2330 1046 2337 1058 ι

243 1088 542 1168 peditibus
597 1087 1015 1166 equitibusque
1057 1087 1279 1168 gratias
1320 1092 1565 1167 agerent
1594 1106 1611 1145 ε
1650 1107 1972 1147 memorem
2003 1088 2237 1169 pietatis

243 1187 446 1228 eorum
474 1187 615 1246 erga
638 1171 886 1246 patriam
916 1169 1189 1228 dicerent
1216 1175 1488 1226 senatum
1516 1165 1643 1225 fore
1673 1186 1692 1237 3
1734 1167 1972 1246 placere
2021 1175 2239 1238 autem,

155 1271 177 1299 ι
241 1247 513 1308 omnibus
553 1247 645 1306 his
684 1247 1080 1308 voluntariam
1132 1253 1303 1306 extra
1346 1246 1611 1306 ordinem
1652 1247 1939 1325 professis
1952 1247 2239 1321 ,militiam

247 1347 370 1388 aera
396 1327 718 1407 procedere
734 1331 797 1395 ;”
839 1335 902 1387 et
941 1326 1130 1404 equiti
1159 1332 1357 1384 certus
1386 1345 1667 1384 numerus
1698 1326 1833 1386 aeris
1855 1335 1950 1386 est
1974 1327 2093 1387 ass'
2137 1348 2239 1388 na-

145 1435 170 1460 ·
241 1412 362 1466 tus·
443 1407 600 1483 Tum
644 1407 896 1485 primum
939 1405 1110 1482 equis
1149 1423 1376 1464 merere
1422 1405 1657 1482 equites
1700 1411 2039 1486 coeperunt.
2078 1349 2237 1466 lgVo-

242 1485 538 1548 luntarius
569 1485 784 1546 ductus
826 1483 1124 1547 exercitus
1153 1485 1334 1563 Vejos
1384 1501 1499 1543 non
1528 1484 1745 1544 amissa
1770 1485 1947 1545 modo
1974 1486 2237 1548 restituit

239 1584 438 1656 opera,
487 1565 592 1624 sed
622 1584 774 1625 nova
801 1567 978 1626 etiam
1004 1563 1266 1623 instituit
1293 1585 1311 1634 ς
1354 1566 1427 1624 ab
1463 1566 1607 1623 urbe
1650 1570 2009 1627 commeatus
2043 1573 2232 1626 inten-

239 1649 412 1713 tam-e,
453 1646 634 1723 quam
661 1653 854 1714 antea,
909 1643 1151 1704 subvehi
1181 1649 1321 1704 cura
1349 1664 1368 1714 3
1409 1663 1487 1702 ne
1513 1643 1659 1723 quid
1686 1649 1805 1704 tam
1837 1646 1987 1704 bene
2023 1645 2234 1706 merito

239 1723 528 1784 exercitui
557 1724 632 1783 ad
663 1744 835 1785 usum
866 1726 1120 1784 deesset.

318 1802 494 1860 VIII.
537 1803 868 1882 Insequens
897 1801 1380 1862 annussstribunos
1406 1801 1662 1862 militum
1692 1801 1991 1862 consulari
2038 1810 2231 1884 potes·

235 1885 362 1942 tate
414 1881 618 1940 habuit
667 1883 738 1942 C.
768 1883 1080 1942 Servilium
1107 1881 1361 1940 Ahalam
1404 1881 1668 1950 tertium,
1697 1883 1768 1955 Q.
1798 1881 2139 1954 Servilium,
2164 1885 2233 1962 L.

238 1960 591 2040 virginium,
619 1960 692 2033 Q.
721 1961 1072 2040 Sulpicium,
1101 1965 1177 2018 A.
1207 1959 1507 2024 Manlium
1550 1961 1787 2030 iterum,
1840 1963 1934 2020 Μ.
1962 1963 2077 2020 Ser
2117 1965 2230 2023 ium

234 2038 497 2110 iterum3
539 2039 629 2099 his
670 2040 940 2110 tribuniS,
989 2041 1132 2098 dum
1183 2059 1326 2100 cura
1366 2039 1626 2100 omnium
1655 2040 1717 2100 in
1745 2041 1969 2120 Vejens
2010 2043 2230 2102 belum

231 2117 469 2180 intenta
496 2125 605 2187 est,
633 2122 970 2202 neglectum
1003 2120 1235 2178 Anxuri
1268 2119 1609 2198 praesidium
1638 2120 2049 2182 vacationibus
2078 2121 2227 2181 mili·

233 2204 382 2274 tum,
405 2207 466 2260 et
503 2200 748 2260 Volscos
775 2208 1131 2260 mercatores
1153 2199 1334 2278 vulgo
1357 2200 1737 2279 receptando,
1755 2200 2005 2278 proditis
2021 2221 2229 2282 repen-

167 2328 176 2335 .
231 2280 294 2338 te
323 2286 625 2359 portarum
655 2281 1019 2349 custodibuS,
1047 2296 1395 2360 oppressum
1436 2287 1565 2350 est3
1612 2279 1809 2338 minus
1841 2278 2099 2340 militum
2124 2301 2225 2362 pe-

227 2357 346 2427 riit,
385 2361 529 2437 quia
553 2366 774 2438 praeter
805 2379 992 2441 aegros
1037 2359 1291 2418 lixarum
1318 2361 1381 2418 in
1412 2359 1647 2418 modum
1676 2378 1883 2419 omnes
1912 2380 2017 2439 per
2058 2378 2224 2442 agros

231 2435 578 2518 vicinasque
609 2441 778 2498 urbes
799 2440 1265 2520 negotiabantur.
1348 2439 1483 2498 Nec
1507 2437 1675 2518 Vejis
1692 2437 1905 2499 melius
1922 2445 2092 2520 gesta
2113 2459 2227 2509 reS,

231 2519 390 2594 quod
417 2525 548 2578 tum
575 2525 755 2598 caput
782 2518 1040 2579 omnium
1072 2538 1347 2578 curarum
1376 2517 1743 2600 publicarum
1774 2526 1942 2590 erat3
1983 2538 2121 2579 nam
2148 2525 2227 2578 »et

171 2625 174 2627 Α
229 2597 415 2660 duces
457 2597 712 2667 Remani
759 2599 894 2677 plus
921 2599 1080 2658 inter
1108 2617 1172 2657 se
1214 2597 1455 2666 irarum,
1502 2598 1682 2676 quam
1708 2597 1999 2658 adversus
2024 2599 2223 2658 hostes

225 2675 427 2744 animi,
469 2676 800 2738 habuerunt
831 2699 848 2736 z
889 2684 950 2738 et
978 2678 1229 2736 auctum'
1249 2683 1343 2737 est
1370 2677 1589 2736 bellum
1618 2676 1882 2737 adventu
1912 2676 2218 2758 repentino

227 2753 622 2834 Capenatium
675 2755 856 2836 atque
906 2758 1294 2817 Faliscorum.
1390 2756 1473 2814 Hi
1522 2757 1641 2816 duo
1695 2757 1953 2818 Etruriae
2004 2756 2221 2838 populi,

223 2835 368 2912 quia
420 2836 672 2915 proximi
715 2837 958 2918 regione
1005 2842 1192 2905 erant,
1245 2835 1499 2911 devictis
1554 2836 1741 2916 VejiS,
1787 2837 1945 2896 bello
1989 2857 2220 2916 quoque

223 2913 492 2976 Romano
547 2937 611 2976 se
635 2919 934 2996 proximos
963 2917 1089 2977 fore
1117 2915 1433 2975 eredentes
1461 2935 1480 2986 3
1523 2915 1745 2976 Falisci
1771 2915 2011 3008 propria
2040 2916 2217 2977 etiam

223 3001 407 3056 causa
435 2994 657 3066 infesti,
703 2998 866 3075 quod
895 2995 1170 3056 Fidenati
1197 2995 1355 3054 bello
1394 3015 1458 3074 se
1497 2997 1625 3075 jam
1672 2995 1849 3056 antea
1887 2995 2221 3056 lmmiscue-

221 3082 376 3145 rant,
413 3095 520 3154 per
551 3079 775 3157 legatos
807 3078 962 3136 ultro
991 3073 1261 3153 citroque
1300 3074 1511 3134 missos
1529 3075 1921 3154 jurejurando
1961 3075 2116 3136 inter
2155 3095 2216 3134 se

221 3154 481 3236 obligati,
549 3176 684 3215 cum
727 3155 1084 3216 exercitibus
1138 3153 1493 3234 necopinato
1540 3154 1616 3214 ad
1664 3155 1847 3234 Vejos
1894 3175 2221 3216 accessere·

221 3235 400 3294 Forte
447 3241 520 3294 ea
547 3235 804 3316 regione,
854 3241 976 3314 qua
1002 3235 1094 3293 M.
1123 3231 1365 3314 Sergius
1407 3233 1679 3294 tribunus
1726 3233 1985 3295 militum
2022 3255 2216 3316 praee-

221 3322 338 3383 rat,
388 3321 588 3375 castra
639 3312 834 3384 adorti
882 3319 1040 3383 sunt,
1093 3312 1517 3392 ingentemque
1573 3319 1859 3374 terrorem
1911 3314 2169 3374 intulere
2196 3333 2216 3383 3

216 3393 360 3468 quia
389 3395 691 3454 Etruriam
719 3414 954 3454 omnem
981 3391 1240 3452 excitam
1282 3392 1523 3452 sedibus
1553 3399 1769 3474 magna
1809 3395 1965 3453 mole
2006 3393 2214 3454 adesse

215 3469 875 3540 Romanicredideraut
901 3494 922 3544 ;
963 3472 1173 3532 eadem
1206 3471 1407 3551 opinio
1436 3473 1725 3551 Vejentes
1752 3472 1814 3532 in
1842 3475 1987 3532 urbe
2016 3473 2212 3532 conci·

213 3547 382 3606 tavit.
463 3551 562 3610 Ita
603 3551 849 3633 ancipiti
895 3551 1111 3633 proelio
1137 3557 1337 3610 castra
1363 3551 1633 3612 Romana
1680 3555 2212 3632 oppugnabantur3

213 3637 776 3710 concursantesque,
825 3651 1013 3711 quum
1057 3631 1174 3691 huc
1202 3637 1386 3708 atque
1429 3631 1577 3691 illuc
1607 3631 1775 3712 signa
1801 3632 2213 3701 transferrent,

213 3713 329 3761 nec
355 3701 670 3792 Veientem
698 3711 844 3774 satis
872 3710 1144 3776 cohibere
1171 3709 1330 3772 intra
1371 3710 1749 3783 munitiones,
1793 3730 1905 3773 nec
1934 3711 2059 3774 suis
2083 3730 2215 3772 mu·
