2400 4109
255 133 336 192 86
1085 133 1162 192 Τ.
1187 131 1403 193 less

255 291 307 354 fi
331 289 567 354 venisse
593 297 832 372 tempus
870 291 1207 372 premendae
1250 290 1441 372 plebis
1467 293 1775 372 putabant,
1826 291 2259 374 recuperandi-

255 393 374 452 que
389 376 550 452 jura,
585 392 727 450 quse
755 378 990 432 extorta
1029 371 1369 432 secessione
1394 391 1466 431 ac
1494 371 1555 432 vi
1601 371 1875 434 Patribus
1902 381 2145 436 essent:
2187 374 2260 433 in⁴

251 452 456 534 primis
485 450 754 524 Marcius
779 451 1151 520 Coriolanus,
1189 451 1379 512 hostis
1404 450 1739 512 tribuniciae
1768 453 2099 534 potestatis,
2124 466 2161 490 ‘⁴
2186 455 2257 514 Si

252 533 615 601 annonam,”
639 531 858 612 inquit,
883 543 918 568 ‘⁸
941 535 1206 592 veterem
1246 532 1474 600 volunt,
1506 531 1609 612 jus
1636 532 1949 612 pristinum
1994 533 2259 594 reddant

249 611 547 672 Patribus.
627 611 754 675 Cur
793 631 902 692 ego
941 609 1209 691 plebeios
1229 612 1628 692 magistratus,
1668 631 1776 672 cur
1816 611 2105 674 Sicinium
2144 633 2256 694 po-

145 736 150 742 ·
249 697 480 753 tentem
509 691 701 760 video,
741 693 851 750 sub
891 692 1094 774 'ugum
1132 691 1370 760 missus,
1392 698 1684 772 tanquam
1726 692 1761 751 εἰ
1787 692 2115 753 latronibus
2156 712 2253 754 re·

168 838 184 851 ,
251 771 578 858 demptus?
643 773 848 851 Egone
927 791 994 831 as
1020 770 1409 852 indignitates
1441 771 1677 833 diutinis
1700 771 1894 852 patiar
1932 773 2115 864 quam
2140 792 2252 834 ne·

251 871 419 912 cesse
447 851 588 912 est?
627 850 1024 930 Tarquinium
1065 869 1264 934 regem
1290 851 1395 930 qui
1422 869 1541 912 non
1564 851 1823 920 tulerim,
1846 852 2135 912 Sicinium
2160 853 2253 914 fe-

249 932 420 993 ram?
489 930 756 991 Secedat
773 949 956 1000 nunc,
981 939 1192 992 avocet
1218 931 1486 1011 plebem:
1554 937 1721 1012 patet
1758 931 1855 992 via
1893 931 1957 991 in
2000 934 2255 994 Sacrum

249 1016 512 1072 montem
538 1010 806 1090 aliosque
835 1011 1036 1072 colles.
1103 1010 1365 1091 Rapiant
1390 1011 1688 1072 frumenta
1716 1031 1790 1071 ex
1816 1011 1974 1094 agris
2012 1012 2254 1084 nostris,

237 1121 244 1126 ·
293 1091 752 1152 uemadmodum
777 1090 960 1152 tertio
987 1109 1144 1152 anno
1169 1108 1235 1151 ra
1278 1111 1437 1151 uere.
1520 1091 1782 1152 Utantur
1806 1100 2043 1152 annona
2066 1113 2251 1184 quam

245 1111 447 1232 altore
488 1191 596 1231 suo
634 1171 850 1232 fecere.
958 1171 1172 1231 Audeo
1254 1171 1432 1242 icere,
1456 1170 1569 1232 hoc
1598 1171 1753 1230 malo
1792 1171 2045 1232 domitos
2084 1191 2249 1252 ipsos

247 1250 449 1332 potitis
477 1252 738 1312 cultores
765 1269 1034 1332 agrorum
1062 1252 1207 1320 fore,
1260 1251 1442 1329 quim
1470 1258 1540 1310 ut
1578 1250 1789 1310 armati
1828 1272 1935 1332 per
1958 1252 2247 1313 secessio-

245 1349 386 1392 nem
415 1330 531 1392 coli
570 1330 981 1411 prohibeant.”
1063 1329 1249 1390 Haud
1287 1337 1411 1389 tam
1450 1329 1629 1390 facile
1656 1330 1825 1390 dictu
1868 1339 1978 1401 est,
2016 1331 2247 1394 sacien-

249 1410 474 1472 dumne
500 1410 703 1481 fuerit,
743 1409 923 1490 quiin
951 1410 1214 1492 potuisse
1240 1409 1493 1470 arbitror
1518 1409 1666 1480 fieri,
1693 1418 1780 1481 ut,
1799 1409 2248 1473 conditionibus

246 1491 492 1552 laxandi
518 1509 832 1559 annonam,
873 1497 936 1551 et
961 1489 1742 1570 tribuniciam‘potestatem,
1768 1497 1829 1552 et
1854 1493 2053 1564 omnia
2090 1492 2247 1552 invi·

253 1572 338 1633 tis
380 1574 508 1631 'ura
532 1570 808 1651 imposita
834 1570 1046 1632 Patres
1071 1571 1385 1632 demerent
1408 1569 1536 1632 sibi.

389 1651 582 1711 XXV.
621 1653 703 1712 Et
728 1650 962 1710 senatui
1001 1650 1180 1712 nimis
1206 1657 1375 1710 atrox
1402 1650 1530 1711 visa
1556 1651 1852 1712 sententia
1878 1657 1989 1722 est,
2029 1658 2093 1712 et
2116 1651 2245 1734 ple·

245 1731 382 1792 bem
409 1729 498 1792 ira
521 1749 704 1812 prope
731 1730 1002 1790 armavit.
1105 1743 1140 1768 ‘⁸
1162 1731 1343 1792 Fame
1370 1749 1436 1790 se
1468 1731 1615 1810 jam,
1642 1732 1799 1792 sicut
1824 1732 2040 1801 hosteS,
2081 1732 2247 1814 peti;

249 1811 382 1871 cibo
405 1810 692 1890 victuque
730 1809 1030 1870 fraudarit
1095 1810 1473 1891 peregrinum
1513 1812 1895 1882 frumentum,
1936 1831 2075 1890 quae
2120 1812 2248 1873 sola

249 1890 535 1952 alimenta
561 1909 636 1950 ex
673 1889 978 1968 insperato
1015 1890 1257 1950 fortuna
1296 1888 1547 1958 dederit,
1586 1893 1661 1950 ab
1700 1911 1801 1951 ore
1842 1891 1989 1972 rapi,
2030 1890 2146 1951 nisi
2176 1893 2247 1952 C.

247 1969 486 2031 Marcio
513 1969 702 2030 vincti
741 1968 1040 2029 dedantur
1077 1969 1319 2040 tribuni,
1343 1969 1461 2030 nisi
1486 1970 1563 2030 de
1588 1976 1756 2052 tergo
1797 1971 1987 2052 plebis
2026 1973 2247 2034 Roma-

247 2069 346 2112 noe
375 2049 648 2112 satisfiat.
728 2049 885 2109 Eum
912 2048 1024 2108 sibi
1064 2049 1407 2110 carnificem
1448 2068 1665 2110 novum
1694 2059 1983 2122 exortum,
2010 2051 2116 2129 qui
2142 2058 2251 2112 aut

247 2131 419 2201 mori,
445 2140 550 2192 aut
589 2128 812 2190 servire
844 2131 1118 2210 jubeat-’⁹
1240 2131 1315 2190 In
1354 2139 1671 2192 exeuntem
1711 2131 1743 2190 ὲ
1784 2132 1950 2191 curia
1990 2132 2249 2212 impetus

247 2211 445 2274 factus
487 2218 663 2279 esset,
701 2209 766 2269 ni
806 2211 1239 2290 peropportune
1278 2210 1499 2271 tribuni
1538 2210 1697 2271 diem
1737 2210 2049 2272 dixissent.
2156 2211 2249 2272 Ibi

250 2293 341 2354 ira
386 2297 480 2352 est
515 2307 872 2381 suppressa3
903 2310 979 2364 ¹se
1011 2290 1283 2370 judicem
1322 2290 1598 2370 quisque,
1638 2311 1703 2352 se
1743 2291 2045 2352 dominum
2106 2291 2248 2354 vitae

249 2371 537 2450 necisque
562 2368 807 2437 inimici,
832 2369 1060 2429 factum
1085 2370 1347 2430 videbat.
1426 2370 1831 2452 Contemptim
1854 2371 2047 2453 primo
2076 2372 2249 2432 Mar-

249 2450 380 2512 cius
407 2450 685 2511 audiebat
711 2449 902 2518 minas
927 2448 1311 2511 tribunicias:
1352 2451 1579 2521 auxilii,
1610 2471 1732 2512 non
1759 2470 1976 2532 poenae,
2007 2452 2111 2531 jus
2140 2451 2246 2512 da-

246 2537 375 2590 tum
426 2531 517 2590 illi
557 2529 880 2610 potestati;
941 2529 1271 2610 plebisque,
1310 2549 1431 2589 non
1472 2531 1737 2600 Patr-um,
1788 2532 2055 2591 tribunos
2094 2551 2249 2592 esse.

249 2610 372 2670 Sed
411 2610 565 2670 adeo
604 2607 838 2670 infensa
877 2619 1007 2669 erat
1032 2617 1235 2669 coorta
1272 2610 1458 2690 plebe,
1498 2618 1568 2671 ut
1607 2610 1785 2671 unius
1826 2630 2005 2692 poena
2030 2610 2248 2671 defun-

289 2688 508 2750 endum
549 2695 710 2750 esset
755 2688 1042 2749 Patribus.
1144 2689 1521 2751 Restiterunt
1558 2697 1758 2752 tamen
1798 2689 2051 2751 adversa
2090 2690 2248 2750 invi·

246 2711 372 2838 513,
397 2770 610 2850 usique
637 2775 796 2840 sunt,
835 2770 957 2849 qua}
983 2768 1110 2830 suis
1147 2769 1419 2849 quisque,
1460 2771 1581 2848 qua
1620 2771 1803 2831 totius
1842 2769 2065 2830 ordinis
2104 2770 2251 2831 viri-

247 2851 380 2912 bus.
461 2853 556 2912 Ac
583 2850 774 2930 prim&
803 2855 1033 2910 tentata
1061 2869 1155 2909 res
1184 2867 1294 2928 est,
1321 2848 1391 2920 si,
1418 2849 1511 2910 dis
1590 2849 1722 2910 sitis
1748 2851 2086 2921 clientibuS‚
2114 2853 2247 2910 abs-

246 2931 531 2992 terrendo
572 2929 838 3052 singulos
879 2931 915 2990 εὶ
955 2928 1307 2990 coitionibus
1347 2931 1503 2992 cons’
1538 2930 1747 3010 ‘'sque,
1786 2930 2064 3010 disjicere
2122 2951 2249 2992 rem

249 3016 510 3096 possent.
623 3008 908 3071 Lniversi
947 3009 1166 3070 deinde
1210 3029 1566 3092 processere,
1610 3009 1921 3090 (quicquid
1963 3015 2093 3070 erat
2130 3012 2249 3072 Pa-

249 3100 432 3161 trum,
478 3110 610 3152 reos
635 3089 892 3172 diceres)
934 3089 1208 3170 precibus
1248 3091 1480 3171 plebem
1519 3095 1947 3170 exposcentes3
2007 3101 2043 3127 “
2062 3109 2249 3168 unum

250 3171 363 3234 sibi
403 3171 614 3240 civem,
653 3189 838 3230 unum
881 3176 1232 3239 senatorem,
1272 3168 1325 3230 si
1364 3169 1742 3229 innocentem
1784 3169 2093 3230 absolvere
2116 3171 2247 3230 nol-

249 3252 402 3322 lent,
452 3271 560 3333 pro
598 3257 852 3311 nocente
891 3249 1252 3310 donarent.”
1374 3250 1513 3330 Ipse
1552 3269 1739 3328 quum
1778 3249 1878 3310 die
1920 3250 2085 3310 dicta
2126 3270 2250 3316 non

251 3332 509 3401 adesset,
533 3336 978 3412 perseveratum
1003 3329 1066 3389 in
1091 3328 1182 3390 ira
1209 3335 1319 3391 est.
1400 3331 1733 3390 Damnatus
1760 3333 1971 3392 absens
1997 3329 2060 3390 in
2102 3330 2246 3390 Vol-

253 3427 386 3467 scos
411 3411 749 3471 exsulatum
787 3408 952 3478 abiit,
991 3408 1275 3470 minitans
1311 3451 1317 3456 -
1356 3409 1543 3478 atriae,
1581 3408 1943 3489 hostilesque
1961 3412 2089 3488 jam
2116 3416 2245 3470 tum

253 3484 496 3572 spiritus
521 3508 752 3570 gerens.
832 3487 1188 3548 Venientem
1229 3429 1437 3548 Voi'sci
1476 3490 1727 3571 benigne
1780 3507 2103 3567 excepere3
2142 3491 2247 3549 be-

253 3565 610 3644 mgninsque
634 3569 698 3629 in
725 3569 854 3630 dies
881 3567 1172 3636 colebant,
1197 3587 1320 3647 quo
1346 3572 1535 3650 major
1563 3569 1651 3630 ira
1676 3569 1739 3628 in
1767 3587 1907 3626 suos
1930 3565 2247 3636 eminebat,

253 3641 598 3719 crebraeque
624 3667 788 3710 nunc
813 3647 1098 3730 querelae,
1121 3666 1284 3710 nunc
1304 3649 1487 3712 minae
1514 3647 2008 3730 percipiebantur.
2086 3647 2243 3710 Hos-
