2400 4109
973 185 978 189 ’
1043 185 1303 246 LIBER
1328 183 1403 246 V.
2092 185 2207 248 261

206 339 332 400 eibi
357 345 558 402 tamen
585 341 988 404 abstinebatur
1015 363 1032 413 3
1072 362 1211 422 quae
1240 363 1336 402 res
1358 343 1542 404 saluti
1568 343 1699 404 fuit.
1740 343 2022 426 Namque
2042 344 2212 418 elan.-

198 439 350 500 gore
377 441 580 482 eorum
607 422 950 500 alarumque
978 423 1208 502 crepitu
1238 422 1468 482 excitus
1499 425 1587 483 M.
1628 424 1917 500 Manlum,
1942 437 1949 443 ·
1970 423 2076 503 qui
2100 423 2211 484 tri·

203 500 390 558 ennio
432 501 572 562 ante
597 501 804 561 consul
831 501 1042 572 fuerat,
1079 501 1180 559 κάτ’
1212 500 1685 584 bello‘egregiuS,
1732 505 1913 578 armis
1936 503 2209 583 arreptis),
2258 519 2261 523 ·

203 577 389 639 simul
438 580 514 639 ad
541 601 708 642 arma
736 583 980 641 ‘ceteros
1007 579 1191 654 ciens,
1238 580 1405 650 vadit
1432 602 1450 651 3
1492 581 1757 650 et‚''dum
1802 580 1985 657 ceteri
2024 581 2211 662 trepi-

201 657 378 728 dant,
405 659 669 728 Gallum,
709 659 812 738 qui
821 661 946 740 jam
975 659 1038 719 in
1067 670 1295 720 summo
1322 660 1685 731 constiterat,
1732 665 1983 722 umbone
2024 661 2211 722 ictum

199 733 505 798 deturbat.
572 739 763 830 Cujus
808 738 992 798 ‘casus
1039 729 1304 830 prolapsi
1350 759 1533 818 quum
1562 741 1854 821 proximos
1894 746 2210 811 sterneret,

197 816 578 896 trepidantes
600 819 767 886 ahoe,
793 818 1089 896 armisque
1115 818 1349 876 omissis
1376 838 1537 888 saxa,
1564 821 1779 898 quibus
1804 820 2209 888 adhaerebant,

61 918 88 926 ·
193 896 476 956 manibus
504 897 823 977 amplexoS,
869 896 1132 957 trucidat
1158 917 1177 968 3
1208 899 1454 977 jamque
1495 905 1555 957 et
1582 900 1691 958 alii
1709 899 2048 981 congregati
2068 897 2208 959 telis

197 975 656 1056 missilibusque
685 973 842 1037 saxis
867 978 1215 1056 proturbare
1236 977 1455 1044 hostes,
1500 977 1795 1056 ruinaque
1818 985 1947 1051 tota
1971 978 2211 1058 prolap-

197 1074 277 1114 sa
305 1054 464 1115 acies
489 1055 553 1115 in
591 1075 864 1136 praeceps
907 1054 1143 1116 deferri.
1228 1055 1447 1124 Sedato
1494 1054 1711 1116 deinde
1764 1059 2025 1117 tumultu
2068 1056 2211 1116 reli-

193 1152 393 1212 quum
441 1135 634 1194 noctis
683 1135 996 1215 (quantum
1021 1134 1085 1192 in
1111 1133 1362 1194 turbatis
1408 1136 1705 1194 mentibus
1732 1143 1981 1214 poterat,
2022 1155 2208 1214 quum

200 1212 578 1292 praeteritum
605 1234 842 1294 quoque
911 1214 1199 1276 erioulum
1228 1213 1601 1294 sollicitaret)
1644 1215 1833 1293 quieti
1860 1216 2066 1275 datum
2095 1220 2208 1274 est.

203 1291 380 1352 Luce
407 1299 558 1363 orta,
584 1294 812 1354 vocatis
841 1315 873 1353 c
899 1293 1091 1353 assico
1119 1293 1194 1352 ad
1224 1292 1540 1352 concilium
1570 1293 1851 1368 militibus
1898 1295 1975 1354 ad
2018 1293 2206 1352 tribu-

201 1389 338 1441 nos,
389 1391 574 1450 quum
627 1380 691 1432 et
729 1362 894 1432 fecte
935 1379 996 1432 et
1021 1391 1331 1452 perperam
1374 1372 1535 1431 facto
1560 1373 1814 1452 pretium
1843 1373 2207 1442 deberetur3

125 1477 131 1484 ·
203 1449 480 1518 Manlius
504 1451 761 1532 primum
807 1453 880 1511 ob
907 1451 1186 1510 virtutem
1213 1451 1491 1510 laudatus
1530 1452 1921 1530 donatusque,
1975 1471 2093 1511 non
2132 1453 2206 1510 ab

199 1529 460 1590 tribunis
513 1531 708 1604 solum
738 1531 1029 1600 militum,
1075 1529 1200 1612 sed!
1237 1549 1528 1615 gonsensu
1574 1531 1752 1591 etiam
1779 1530 2064 1590 militari:
2104 1529 2207 1588 'cui

201 1606 470 1668 universi
495 1594 941 1671 selibras‘farris
983 1615 1046 1668 et
1071 1591 1404 1688 quarta-ios
1430 1609 1553 1669 vini
1580 1611 1657 1669 ad
1684 1611 1847 1670 sedes
1875 1611 2023 1689 ejus,
2070 1627 2205 1686 qum

201 1687 272 1746 in
293 1707 430 1747 arce
456 1694 646 1757 erant,
689 1688 1072 1750 contulerunt
1094 1709 1111 1758 3
1153 1708 1279 1748 rem
1306 1686 1754 1780 dictuparvam,
1780 1690 2046 1749 ceterum
2076 1687 2208 1746 ino-

195 1765 304 1846 pia
327 1765 554 1840 fecerat
573 1787 704 1828 eam
731 1787 766 1826 a
835 1765 1139 1827 umentuin
1165 1768 1376 1848 ingens
1401 1769 1683 1837 caritatiS‚
1710 1787 1913 1846 quum,
1954 1787 2017 1826 se
2044 1765 2210 1844 quis·

201 1864 326 1923 que
346 1845 506 1904 victu
535 1865 642 1906 suo
667 1847 798 1908 frau
845 1866 973 1915 ans,
1019 1847 1354 1906 detractum
1384 1847 1614 1926 corpori
1642 1853 1825 1925 atque
1858 1846 2058 1906 usibus
2099 1858 2206 1905 ne-

205 1923 482 1983 ce'ssariis
505 1925 580 1983 ad
609 1926 886 1984 honorem
909 1925 1086 1983 unius
1114 1925 1229 1984 viri
1256 1925 1568 1986 conferret.
1649 1925 1823 1988 Tum,
1840 1925 2045 2006 vigiles
2074 1923 2202 2002 ejus

201 2001 342 2071 loci,
369 2008 490 2081 qua
511 2001 810 2064 fefellerat
837 2003 1168 2062 ascendens
1193 2004 1398 2072 hostie,
1420 2004 1627 2064 citati:
1667 2011 1731 2064 et
1758 2023 1941 2082 quum
1966 2003 2031 2062 in
2078 2022 2203 2060 om-

201 2099 315 2140 nes
357 2099 518 2139 more
559 2082 800 2141 militari
829 2102 894 2142 se
920 2082 1467 2142 animadversurum
1494 2083 1566 2156 Q.
1608 2082 1907 2162 Sulpicius
1928 2081 2207 2141 ‘tribunus

199 2158 462 2219 militum
509 2159 964 2239 pronunciasset
990 2181 1008 2230 3
1051 2161 1459 2222 consentiente
1508 2161 1760 2221 clamore
1807 2161 2079 2228 militum,
2138 2159 2207 2219 in

201 2255 390 2297 unum
434 2237 676 2320 vigilem
725 2239 1163 2318 conjicientium
1221 2240 1475 2319 culpam,
1517 2240 1858 2309 deterrituS,
1905 2241 1940 2297 εἶ
1993 2237 2207 2299 ceteris

201 2315 492 2378 abstinuit
517 2338 534 2375 ε
593 2337 758 2377 reum
804 2319 963 2378 haud
1009 2318 1267 2379 dubium·
1306 2319 1434 2398 ejus
1488 2337 1681 2386 noxae,
1748 2317 2202 2398 approbantibus

199 2414 276 2455 cu
285 2395 458 2464 nctis,
483 2396 560 2457 de
589 2415 731 2457 saxo
749 2397 844 2456 de’
853 2398 990 2456 ecit.
1072 2399 1223 2458 Inde
1240 2397 1592 2457 intentiores
1610 2397 1887 2476 utrinque
1910 2395 2201 2457 custodiae

201 2493 336 2535 esse
364 2497 383 2546 3
425 2481 488 2534 et
511 2477 668 2556 apud
697 2477 812 2536 Gal
841 2496 926 2544 oe,
953 2477 1094 2554 quia
1119 2478 1427 2557 vulgatum
1470 2483 1615 2544 erat,
1662 2477 1819 2536 inter
1859 2476 2040 2554 Vejos
2083 2475 2205 2533 Ro-

201 2574 478 2634 mamque
503 2555 757 2614 nuncios
785 2575 1115 2616 commeare
1142 2576 1162 2628 3
1203 2562 1267 2616 et
1292 2554 1449 2637 apud
1471 2556 1787 2625 Romanoa,
1828 2557 1903 2614 ab
1931 2553 2204 2616 nocturni

201 2632 453 2714 periculi
471 2634 769 2696 memoria.

282 2713 452 2774 XLV
457 2713 574 2773 111.
617 2713 735 2774 Sed
785 2720 925 2776 ante
953 2715 1150 2777 omnia
1190 2715 1512 2776 obsidionis
1536 2713 1801 2792 bellique
1826 2714 1985 2776 mala
2011 2713 2201 2772 fames

199 2793 482 2871 utrinque
503 2794 832 2854 exercitum
860 2797 1105 2875 urgebat
1131 2815 1149 2850 ε
1191 2795 1399 2855 Gallos
1426 2794 1768 2874 pestilentia
1793 2795 1992 2861 etiam,
2019 2801 2205 2871 quum

201 2870 334 2930 loco
351 2873 594 2950 jacente
640 2871 799 2932 inter
826 2874 1086 2931 tumulos
1128 2880 1325 2931 castra
1350 2873 1654 2940 habentes,
1706 2880 1835 2931 tum
1877 2876 1949 2930 ab
1996 2871 2205 2930 incen-

201 2947 315 3008 diis
337 2951 560 3010 torrido
589 2955 652 3010 et
677 2949 914 3030 vaporis
982 2951 1135 3017 leno,
1164 2949 1569 3028 cineremque,
1596 2965 1716 3009 non
1747 2950 2049 3028 pulverem
2078 2969 2205 3008 mo-

203 3027 299 3098 do,
325 3029 575 3098 ferente,
603 3049 786 3108 quum
811 2971 978 3106 quid³
1004 3027 1168 3088 venti
1195 3035 1419 3087 motum
1447 3033 1607 3088 esset
1635 3048 1651 3098 3
1692 3048 1943 3107 quorum
1986 3027 2203 3087 intole-

202 3108 536 3168 rantissima
561 3127 727 3188 gene,
780 3106 1128 3184 humerique
1154 3126 1225 3165 ac
1265 3106 1471 3188 frigori
1510 3115 1766 3175 assueta,
1823 3127 2029 3185 quum»
2048 3111 2201 3165 aestu

203 3193 262 3249 et
286 3207 504 3278 angore
523 3193 754 3255 vexata,
807 3186 1068 3267 vulgatis
1095 3185 1348 3246 velutin
1379 3205 1565 3264 pecua
1587 3185 1821 3254 morbis,
1859 3193 2204 3254 moreretur,

205 3269 316 3327 ’am
341 3265 578 3347 pigritia
609 3265 872 3346 singulos
899 3265 1257 3344 sepeliendi·
1280 3263 1614 3344 promiscue
1644 3271 1951 3324 acervatos
1994 3283 2202 3322 cumu-

193 3289 289 3406 ios
314 3343 628 3406 hominum'
657 3347 948 3404 urebant:
987 3347 1412 3422 bustorumque
1454 3344 1595 3402 inde
1618 3343 1987 3403 Gallicorum
2014 3341 2204 3401 nomi-

203 3444 276 3485 ne
301 3425 594 3506 insignem
621 3423 816 3484 locum
863 3423 1080 3482 fecere.
1161 3422 1433 3482 Induciae
1478 3422 1697 3482 deinde
1744 3441 1881 3482 cum
1916 3421 2198 3481 Romanis

199 3505 390 3572 factae,
411 3511 474 3564 et
501 3502 794 3582 colloquia
801 3502 1106 3639 (permissu
1146 3500 1565 3581 imperatorum
1614 3499 1811 3560 habita
1837 3522 1853 3560 ε
1896 3501 1957 3558 in
1986 3498 2201 3578 quibus

203 3604 378 3663 quum
419 3581 750 3642 identidem
860 3579 964 3640 alli
991 3581 1208 3642 famem
1235 3580 1576 3660 objicerent,
1618 3585 1816 3658 estque·
1840 3581 2197 3660 necessitate
2272 3587 2283 3596 “

200 3662 274 3723 ad
309 3661 675 3725 deditionem
705 3668 1000 3729 vocarent,
1053 3660 1277 3719 dicitur
1323 3659 1665 3720 avertendae
1719 3661 1848 3738 ejus
1896 3653 2187 3738 opinionis

200 3748 374 3805 causa
399 3739 608 3806 multis
652 3739 802 3802 locis
844 3740 1016 3822 panis
1041 3739 1119 3821 de
1146 3738 1445 3820 Capitolio
1455 3741 1724 3820 jactatus
1766 3757 1897 3802 esse
1922 3736 1985 3796 in
2005 3727 2186 3814 bostis
