2400 4109
26 2499 29 2522 —
26 2177 40 2494 v—-w—qr—‚—
26 2101 32 2170 ἡ

97 1077 104 1082 ·
207 1071 320 1123 tus
341 1071 437 1124 est
460 1061 634 1143 ignis.

1059 189 1325 252 MBER
1352 187 1430 249 V.
2104 197 2235 257 235

217 335 368 417 Post
414 345 750 429 principum
773 345 1004 410 caedem
1030 347 1184 408 nulli
1208 346 1431 408 deinde
1458 345 1800 408 mortalium
1824 339 2011 428 parci,
2048 347 2228 432 diripi

219 434 406 498 tecta,
435 427 736 492 exhaustis
762 427 932 508 injici
957 427 1146 507 ignes.

159 541 170 551 -
269 508 503 580 XLII.
543 507 854 578 Ceteram,
901 525 1006 568 seu
1047 526 1166 568 non
1193 505 1465 567 omnibus
1506 483 1783 566 delendis
1827 504 1990 567 urbis
2037 506 2223 570 libido

161 641 166 644 .
221 593 372 656 erat,
417 607 524 648 sen
551 587 638 648 ita
663 587 974 667 placuerat
1021 585 1403 667 principibus·
1426 586 1759 654 Gallorum,
1824 591 1891 646 ct
1936 589 2227 648 ostentari

221 667 500 746 quaedam
543 665 828 728 incendia
851 665 1097 726 terroris
1123 671 1326 735 causa,
1366 664 1421 725 εἰ
1444 664 1725 745 compelli
1748 665 1829 726 ad
1856 665 2221 728 deditionem

217 746 468 806 caritate
493 746 730 806 sedium
757 765 997 806 suarum
1025 745 1249 806 obsessi
1275 751 1515 825 possent
1542 764 1561 815 3
1602 751 1663 804 et
1704 763 1823 804 non
1850 745 2049 806 omnia
2076 765 2222 807 con-

211 825 470 886 cremari
517 831 637 886 tect
647 845 702 894 a,
753 830 843 894 ut,
863 825 1268 905 quodcunque
1295 829 1631 904 superesset
1650 852 1663 856 -
1684 823 1866 894 urbiS,
1916 825 1981 886 id
2006 824 2222 907 pignus

211 904 294 966 ad
321 905 654 972 flectendos
679 905 936 964 hostium
963 903 1190 966 animos
1236 905 1565 974 haberent;
1602 898 1981 983 nequaqu'am
2018 905 2224 986 perin—

212 984 298 1044 de
337 990 518 1064 atque
547 984 608 1044 in
661 990 838 1122 cqpta
881 987 1026 1045 urbe
1047 983 1239 1063 prima
1264 984 1365 1044 die
1391 989 1496 1052 aut
1519 983 1739 1068 passim
1765 990 1870 1044 aut
1892 985 2015 1045 late
2043 1004 2227 1066 vaga.-

773 1063 988 1133 0mani‚
1029 1082 1283 1124 ex‘arce
1308 1063 1549 1144 plenam
1575 1062 1829 1125 hostium
1856 1067 2061 1125 urbem
2088 1083 2227 1126 cer*

213 1149 456 1213 nenteS,
505 1151 800 1224 vagosque
819 1163 932 1222 per
977 1143 1108 1204 vias
1135 1163 1341 1203 omnes
1369 1159 1598 1211 cursus,
1646 1161 1829 1222 quum
1881 1144 2002 1204 alia
2040 1149 2227 1224 atque

98 1251 110 1258 -
209 1217 340 1282 alia
367 1228 537 1313 parte
565 1243 718 1288 nova
745 1221 947 1302 aliqua
973 1221 1177 1282 clades
1203 1223 1477 1290 oriretur,
1522 1241 1644 1281 non
1693 1222 1985 1282 mentibus
2026 1225 2222 1286 solum

222 1321 556 1382 consipere,
605 1302 706 1362 sed
753 1321 830 1362 ne
856 1301 1098 1362 auribus
1123 1301 1369 1382 quidem
1393 1307 1575 1381 atque
1600 1301 1791 1360 oculis
1820 1301 1965 1370 satis
1994 1310 2230 1365 consta-

207 1400 280 1441 re
306 1387 601 1461 poterant.
682 1381 1054 1473 Quocunque
1101 1383 1327 1442 clamor
1362 1380 1638 1450 hostium,
1666 1378 1979 1441 muiierum
2004 1403 2220 1464 puero-

209 1479 464 1539 rumque
503 1461 786 1541 ploratus‚
841 1467 1072 1522 sonitus
1093 1461 1393 1530 flammae,
1438 1466 1501 1522 et
1526 1459 1723 1542 fragor
1748 1461 2051 1528 ruentium
2089 1468 2220 1524 tec·-

209 1544 410 1600 torum
435 1539 769 1609 avertisset,
807 1546 1100 1620 paventes
1125 1541 1202 1602 ad
1230 1541 1448 1610 omnia,
1488 1539 1717 1600 animos
1740 1560 1963 1619 oraque
1988 1545 2051 1602 et
2076 1561 2225 1602 ocu-

207 1617 304 1680 los
333 1618 676 1690 flectebant,
721 1611 896 1680 ‘velut
939 1620 1018 1680 ad
1059 1619 1469 1699 spectaculum
1510 1620 1547 1679 ἒι
1573 1619 1813 1680 fortuna
1839 1620 2018 1700 positi
2059 1620 2223 1681 occi-

201 1698 414 1758 dentis
439 1699 670 1778 patriae,
717 1711 832 1759 nec
859 1699 1042 1760 ullius
1062 1719 1262 1760 rerum
1288 1717 1529 1759 suarum
1556 1699 1771 1768 relicti,
1818 1705 2223 1780 praeterquam
2274 1695 2281 1702 ’

213 1797 545 1857 corporum,
597 1778 870 1840 vindices
897 1799 916 1849 3
955 1784 1124 1839 tanto
1151 1784 1291 1839 ante
1318 1779 1465 1838 alios
1494 1769 1815 1839 miserandi
1848 1779 2061 1860 magiS,
2109 1779 2222 1859 ‘qui

210 1875 480 1934 unquam
507 1857 734 1918 obsessi
761 1863 920 1929 sunt,
945 1857 1108 1938 quod
1150 1857 1461 1919 interclusi
1504 1854 1541 1916 εὶ
1566 1857 1759 1937 patria
1782 1858 2225 1930 obsidebantur,

211 1935 416 1996 omnia
441 1955 550 1997 sua
577 1943 891 1998 cernentes
916 1937 980 1998 in
1007 1937 1265 1998 hostium
1288 1942 1604 2018 potestate.
1684 1937 1819 1998 Nec
1842 1937 2225 2016 tranquillior

212 2035 335 2076 nox
357 2015 516 2076 diem
541 2021 666 2078 tam
701 2015 864 2078 foede
901 2023 1106 2078 actum
1131 2016 1369 2097 excepit
1396 2037 1413 2074 t
1452 2017 1560 2076 lux
1606 2015 1827 2077 deinde
1852 2023 2091 2078 noctem
2130 2017 2229 2077 in‘-

205 2095 482 2174 quieta'm
507 2095 782 2156 insecuta
807 2102 899 2156 est
921 2117 938 2167 ;
979 2115 1092 2156 nec
1117 2096 1313 2156 ullum
1338 2101 1467 2156 erat
1490 2101 1745 2176 tempus,
1790 2095 1953 2174 quod
1982 2097 2018 2156 ἃ
2044 2114 2221 2159 novoe·

209 2193 452 2254 semper
479 2174 672 2234 cladis
691 2173 944 2267 alicujus
965 2192 1002 2234 s·
1037 2175 1311 2236 ectaculo
1330 2181 1611 2235 cessaret.
1691 2173 1861 2234 Nihil
1882 2181 2103 2246 tamen.
2124 2179 2219 2238 tot

117 2311 124 2320 ,
205 2253 442 2314 onerati
468 2259 650 2345 atque
677 2256 869 2314 obruti
913 2272 1008 2316 ma
1033 2255 1118 2324 is,·
1157 2253 1457 2316 flexerunt
1480 2253 1728 2324 animos,
1754 2254 1921 2334 quin,
1938 2256 2063 2316 etsi
2091 2275 2220 2316 om-

206 2333 314 2393 nia
337 2333 611 2394 flammls
647 2354 720 2394 ac
765 2333 954 2397 ruinis
1009 2340 1249 2414 aequata
1288 2333 1602 2403 vidissent,
1656 2332 1929 2414 quamvis
1978 2335 2225 2416 inopem

204 2431 598 2493 parvumque,
627 2431 807 2492 quem
833 2415 1136 2483 tenebant,
1157 2415 1395 2482 collem,
1414 2412 1678 2480 libertati
1702 2415 1997 2484 relictum,
2023 2415 2217 2476 virtu-

201 2499 272 2553 te
299 2491 693 2556 defenderent
721 2512 740 2562 ;
781 2499 846 2552 et
881 2495 1027 2573 jam,
1047 2512 1253 2572 uquum
1280 2491 1491 2552 eadem
1536 2493 1801 2572 quotidie
1848 2493 2215 2566 acciderent,
2333 2497 2341 2506 '

205 2571 380 2632 velut
405 2569 630 2632 assueti
659 2571 848 2644 malis,
909 2571 1395 2632 abalienaverant
1438 2573 1513 2630 ab
1540 2591 1719 2632 sensu
1746 2593 1943 2634 rerum
1972 2587 2213 2636 suarum

205 2651 438 2712 animos
464 2669 485 2721 3
525 2670 690 2712 arma
715 2656 949 2712 tantum
975 2650 1317 2731 ferrumque
1344 2650 1408 2711 in
1448 2650 1697 2724 dextffis,
1723 2654 1891 2716 velut
1916 2655 2071 2717 solas
2112 2676 2212 2716 re·

207 2729 424 2810 liquias
453 2749 482 2789 s
507 2731 578 2805 *ei
607 2750 753 2800 suae,
781 2730 1102 2792 intuentes·

287 2811 468 2870 XLII
507 2852 524 2869 .
565 2808 730 2882 Galli
755 2829 1012 2890 quoque,
1037 2831 1144 2890 per
1169 2810 1398 2889 aliquot
1424 2809 1555 2871 dies
1582 2811 1643 2871 in
1665 2816 1829 2874 tecta
1848 2815 2027 2875 mod&
2042 2814 2208 2875 urbis

203 2889 608 2968 nequicquam
633 2890 791 2950 bello
817 2896 1004 2970 gesto,
1047 2905 1229 2968 quum
1256 2890 1415 2950 inter
1441 2891 1721 2966 incendia
1747 2912 1817 2952 ac
1843 2893 2045 2953 ruinas
2068 2911 2213 2971 cap-

196 2977 286 3030 tte
331 2969 492 3027 urbis
539 2967 688 3029 nihil
715 2989 784 3028 su
829 2987 1045 3037 cresse,
1095 2973 1320 3050 praeter
1344 2977 1603 3030 armatos
1648 2969 1868 3040 hosteS,
1916 2971 2211 3037 viderent,

201 3047 604 3128 nequicquam
650 3053 740 3108 tot
767 3069 799 3108 c
826 3049 1034 3109 adibus
1057 3046 1320 3122 territoS,
1362 3065 1475 3108 nec
1518 3049 1675 3109 flexu
1684 3069 1777 3110 ros
1828 3049 1907 3110 ad
1952 3047 2209 3110 deditio-

203 3149 345 3190 nem
374 3127 704 3198 animosmi
729 3128 822 3188 vis
849 3127 1228 3188 adhiberetur
1254 3149 1273 3197 3
1314 3127 1571 3208 experiri
1597 3129 1825 3197 ultima,
1844 3133 1907 3188 et
1922 3127 2210 3208 impetum

199 3209 404 3270 facere
429 3206 494 3266 in
519 3227 718 3268 arcem
747 3213 1038 3269 statuunt.
1118 3206 1322 3267 Prima
1348 3209 1505 3277 luce,
1553 3208 1721 3288 signo
1762 3207 1904 3266 dato
1929 3206 2205 3268 multitu-

199 3289 280 3348 do
307 3287 501 3348 omnis
527 3287 589 3346 in
609 3287 736 3348 foro
762 3286 1120 3356 instruitur3
1157 3285 1321 3356 inde,
1370 3285 1627 3366 clamore
1658 3285 1888 3346 sublato
1914 3305 1987 3348 ec
2012 3290 2207 3346 testu-

201 3367 346 3428 dine
387 3366 570 3435 facte,
618 3369 876 3426 subeunt
903 3385 921 3436 3
960 3366 1249 3426 adversus
1296 3383 1451 3444 quos
1486 3364 1739 3426 Romani
1792 3365 1938 3426 nihil
1980 3367 2205 3428 temere

196 3467 313 3508 nec
339 3445 590 3524 trepide,
617 3446 692 3506 ad
722 3461 926 3506 omnes
951 3445 1149 3508 aditus
1177 3445 1527 3506 stationibus
1570 3443 1844 3514 firmatis,
1884 3449 2005 3523 qua
2034 3445 2205 3528 signa

195 3525 341 3588 ferri
385 3525 686 3595 videbant,
739 3530 814 3586 ea
843 3527 1046 3586 robore
1071 3525 1335 3585 virorum
1360 3542 1397 3582 o
1434 3522 1633 3602 posito
1655 3523 1947 3583 scandere
1971 3523 2203 3586 hostem

196 3606 404 3667 sinunt
429 3617 446 3662 ε’
489 3623 608 3684 quo
629 3603 986 3666 successerit
1011 3604 1198 3696 magis
1224 3603 1290 3662 in
1317 3539 1587 3678 arguunt,
1629 3621 1701 3660 eo
1725 3600 1870 3678 pelli
1896 3617 2069 3679 posse
2094 3617 2204 3686 per

241 3685 466 3746 roclive
493 3683 734 3745 facilius
761 3684 894 3744 rati.
972 3684 1186 3744 Medio
1210 3681 1339 3742 fere
1362 3677 1516 3738 clive
1542 3677 1817 3736 restitere
1846 3695 1863 3734 ε
1904 3683 2083 3762 atque
2104 3687 2199 3732 111-

193 3705 276 3826 ge
303 3783 378 3826 ex
397 3765 534 3827 loco
559 3761 884 3846 superiore,
909 3763 1016 3902 (ιὲιί
1039 3759 1225 3844 prope
1263 3763 1378 3824 sua
1408 3761 1618 3836 sponte
1642 3755 1707 3816 in
1732 3754 1963 3815 hostem
1984 3745 2199 3804 msere-

1472 4083 1507 4091 ...
1522 4089 1525 4091 A
1540 4014 2163 4092 *ὦ
