2400 4109
1027 176 1295 268 LIBER
1326 177 1399 236 V.
1770 139 1774 143 ⁴
2034 179 2039 189 ¹
2087 185 2205 241 249

205 343 399 430 capta.
481 337 616 398 Nec
639 335 860 410 deinde
886 355 1152 416 unquam
1196 337 1260 398 in
1288 338 1587 404 demortui
1617 341 1810 399 locum
1840 357 2049 398 censor
2075 339 2201 398 suf·-

159 483 164 486 ,
207 419 456 488 ficltur3
499 417 961 498 consulibusque
1013 419 1218 476 morbo
1260 417 1565 498 implicitis
1592 419 1838 499 placuit,
1884 439 1991 495 per
2016 419 2203 478 inter-

201 515 450 578 regnum
477 490 752 558 renovari
777 497 1061 578 auspicia.
1141 497 1374 576 Itaque,
1404 516 1586 575 quum
1616 519 1689 558 ex
1718 499 2199 558 senatusconsul-

203 583 268 642 to
293 579 572 637 consules
599 577 949 658 magistratu
979 597 1045 635 se
1073 577 1472 646 abdicassent,
1526 578 1789 637 interrex
1832 579 2074 637 creatur·
2094 579 2201 636 M.

205 657 420 716 Furius
463 657 758 716 Camillus
787 678 816 736 3·
846 656 949 736 qui
1005 657 1071 714 P.
1099 657 1833 738 Cornelium'Scipionem‚
1886 658 1939 716 is
1981 658 2199 722 deinde

205 737 279 796 L.
306 736 610 796 Valerium
639 736 898 796 Potitum
943 736 1298 816 interregem
1322 737 1584 815 prodidit
1612 758 1629 808 3
1672 741 1745 798 ab
1774 751 1842 798 eo
1870 737 2055 797 creati
2099 757 2204 796 sex

202 815 424 876 tribuni
453 815 708 876 rnilitum
737 816 1030 876 consulari
1060 821 1398 894 potestate3
1436 824 1525 886 ut,
1580 817 1814 876 etiarnsi
1860 816 1955 875 cui
1998 834 2199 876 eorum

200 897 577 956 incommoda
603 895 886 956 valetudo
915 895 1144 964 fuisset,
1181 895 1351 976 copia
1379 897 1826 977 magistratuum
1852 895 2198 976 reipublicae

203 983 383 1035 esset.
2076 989 2085 994 ’

289 1055 547 1113 ΧΧΧΙῙ.
587 1055 882 1114 Kalendis
923 1052 1323 1127 Quinctilibus
1371 1055 1782 1136 magistratum
1818 1075 2099 1134 occepere
2126 1057 2201 1114 L.

205 1133 546 1204 LucretiuS,
575 1136 700 1194 Ser.
730 1133 1049 1226 SulpiciuS,
1097 1133 1186 1192 M.
1209 1134 1507 1203 AEmilius,
1550 1135 1624 1193 L.
1668 1135 1881 1193 Furius
1912 1135 2201 1194 Medulli-

203 1233 320 1275 nus
349 1213 682 1294 septimum,
711 1216 978 1294 Agrlppa
1005 1213 1240 1280 FuriuS,
1269 1213 1339 1271 C.
1368 1214 1656 1274 AEmilius
1682 1215 1917 1274 iterum.
1996 1217 2091 1274 Ex
2108 1214 2199 1272 his

205 1295 280 1354 L.
310 1295 594 1353 Lucretio
647 1300 710 1354 et
762 1295 833 1352 C.
861 1292 1104 1352 AEmilio
1151 1292 1549 1355 Volsiniensis
1597 1293 1901 1372 provincia
1954 1294 2152 1354 evenit
2182 1313 2199 1352 t

204 1375 543 1454 Salpinates
598 1373 886 1455 Agrippae
942 1373 1122 1431 Furio
1167 1379 1233 1432 et
1260 1373 1388 1432 Ser.
1442 1372 1725 1454 Sulpicio.
1831 1373 2015 1432 Prius·
2064 1393 2199 1432 cum

203 1453 680 1514 'Volsiniensibus
733 1458 1058 1533 pugnatum
1091 1458 1227 1512 est:
1267 1453 1486 1513 bellum
1517 1473 1763 1514 numero
1809 1453 2063 1512 hostium
2106 1452 2200 1510 in-

201 1553 369 1614 gene,
416 1534 740 1594 certamine
779 1531 936 1592 haud
990 1533 1134 1592 sane
1181 1550 1455 1613 asperum
1484 1533 1618 1593 fuit.
1698 1535 1859 1592 Fusa
1907 1551 2199 1591 concursu

201 1613 392 1692 primo
419 1613 580 1672 acies
601 1613 662 1673 in
692 1611 933 1693 fugam:
975 1611 1166 1672 millia
1191 1619 1325 1670 octo
1372 1619 1731 1672 armatorum
1779 1615 1851 1672 ab
1900 1611 2199 1690 equitibus

201 1693 550 1761 interclusa,
577 1692 786 1772 positis
813 1690 1012 1760 armis„
1038 1691 1101 1750 in
1125 1690 1489 1751 deditionem
1510 1698 1825 1753 venerunt.
1904 1693 2053 1771 Ejus
2072 1691 2199 1751 bel-

200 1772 250 1830 li
276 1772 434 1832 fama
460 1773 676 1842 effecit,
716 1791 794 1832 ne
822 1791 886 1831 se
913 1786 1134 1851 pugnae
1159 1770 1599 1835 committerent
1627 1772 1963 1852 Salpinates
1991 1791 2008 1839 3
2050 1791 2199 1839 rnoe-

199 1851 378 1911 nibus
406 1852 619 1912 armati
665 1871 730 1912 se
754 1853 1120 1926 tutabantur.
1200 1851 1479 1911 Romani·
1544 1852 1739 1912 raedas
1767 1851 1986 1932 passim
2015 1856 2078 1911 et
2123 1869 2199 1909 ex

205 1931 513 2011 Salpinato
542 1952 700 2011 agm,
749 1938 810 1990 et
865 1951 939 1990 ex
993 1929 1378 2000 Volsiniensi,
1422 1951 1501 1990 nu
1534 1933 1590 1991 lo
1632 1952 1765 1992 eam
1794 1931 1912 1990 vim
1940 1936 2200 1998 arcente,

203 2017 487 2092 egerunt:
517 2012 718 2072 donec
748 2010 1224 2071 Volsiniensibus
1266 2008 1440 2070 fessis
1465 2012 1621 2072 bello
1646 2018 1720 2071 ea
1748 2009 2103 2080 conditione,
2130 2016 2202 2070 ut

203 2109 302 2158 res
329 2091 548 2183 populo
572 2093 842 2151 Romano
868 2091 1211 2158 redderent,
1260 2089 1741 2178 stipendiumque
1769 2093 1899 2168 ejus
1917 2091 2066 2150 ‘anni
2096 2110 2201 2157 ex·

173 2241 176 2246 ¹
203 2170 418 2231 ercitm
447 2176 823 2252 praestarent,
863 2169 926 2228 in
968 2168 1180 2250 viginti
1208 2189 1395 2229 annos
1419 2170 1681 2230 induciae
1711 2171 1893 2231 datae.
1973 2171 2206 2240 Eodem

203 2269 363 2310 anno
387 2251 477 2310 M.
517 2250 816 2309 Caedicius
844 2249 920 2308 de
945 2249 1119 2329 plebe
1163 2249 1473 2322 nunciavit
1520 2250 1792 2319 tribuniS,
1847 2270 1909 2310 se
1938 2250 2001 2309 in
2044 2261 2201 2311 nova

203 2329 320 2398 via,
368 2329 466 2389 ubi
497 2349 655 2388 nunc
685 2329 972 2389 sacellum
1001 2335 1112 2398 est,
1141 2348 1323 2409 supra
1350 2330 1541 2389 aedem
1568 2332 1795 2398 Vestae,
1822 2349 2029 2390 vocem
2057 2351 2201 2390 noc-

199 2410 284 2472 tis
327 2407 564 2468 silentio
616 2408 853 2468 audisse
903 2409 1213 2478 clariorem
1258 2409 1535 2479 humana,
1578 2428 1715 2489 quae
1762 2409 2203 2490 magistratibus

203 2488 327 2548 dici
346 2489 603 2568 juberet,
641 2500 678 2526 “
700 2489 907 2548 Gallos
930 2489 1316 2548 adventare„
1398 2491 1491 2559 Id,
1517 2496 1585 2549 ut
1606 2490 1691 2558 fit,
1719 2498 1959 2570 propter
1998 2497 2201 2551 aucto-

201 2569 286 2629 ris
309 2567 706 2629 humilitatem
746 2574 1028 2648 spretum,
1067 2575 1130 2628 et
1155 2569 1319 2648 quod
1345 2569 1687 2650 longinqua,
1716 2589 1901 2648 eoque
1930 2569 2205 2651 ignotior,

201 2667 352 2730 gens
397 2654 544 2708 erat.
624 2647 843 2728 Neque
889 2648 1147 2708 Deorum
1189 2649 1367 2708 modo
1420 2650 1659 2720 monita,
1700 2650 2013 2731 ingruente
2061 2650 2205 2721 fatu,

205 2731 410 2820 spreta
434 2749 449 2798 ;
494 2727 598 2787 sed
629 2729 944 2788 humanam
975 2749 1211 2808 quoque
1252 2750 1441 2810 opem,
1491 2749 1629 2808 quae
1652 2749 1771 2789 una
1800 2738 1946 2798 erat,
1970 2731 2059 2790 M.
2083 2732 2205 2805 Fu-

203 2829 361 2868 num
383 2811 455 2868 ab
477 2811 620 2868 urbe
646 2829 922 2868 amovere
948 2829 964 2876 ;
1006 2807 1128 2886 qui,
1176 2809 1275 2867 die
1318 2809 1483 2869 dicta
1510 2813 1585 2868 ab
1635 2810 1989 2888 L..Apuleio
2014 2810 2204 2869 tribu-

203 2908 285 2947 no
311 2889 501 2968 plebis
526 2895 770 2980 propter
795 2888 1056 2967 praedam
1104 2888 1510 2968 Vejentanam,
1557 2889 1681 2949 filio
1708 2909 1946 2967 quoque
1973 2889 2205 2950 adoles-

207 2975 383 3028 cente
412 2989 516 3048 per
537 2968 694 3026 idem
719 2974 954 3046 tempus
983 2969 1240 3034 orbatuS,
1281 2987 1483 3044 quum,
1510 2968 1717 3027 accitis
1746 2969 1987 3027 domum
2016 2969 2205 3042 tribu-

203 3048 361 3108 libus
405 3047 859 3126 clientibusque,
912 3045 1148 3126 (magna
1193 3066 1333 3124 pars
1379 3047 1567 3127 plebis
1596 3049 1747 3127 erat)
1779 3053 2203 3127 percunctatus

203 3127 434 3190 animos
483 3147 706 3196 eorum,
753 3145 1101 3205 responsum
1149 3127 1407 3196 tulisset,
1450 3139 1483 3164 “
1508 3147 1571 3186 se
1600 3128 1940 3194 collaturos„
1994 3125 2205 3204 quanti

205 3209 526 3268 damnatus
553 3214 730 3274 esset,
759 3206 1064 3266 absolvet-e
1091 3225 1228 3264 eum
1256 3225 1371 3265 non
1402 3210 1636 3286 posse‚'’
1687 3207 1748 3265 in
1778 3205 2048 3265 exsilium
2080 3207 2205 3265 abi-

206 3289 296 3349 it:
338 3279 616 3367 precatus
654 3290 726 3346 ab
771 3286 904 3346 Diis
953 3279 1401 3355 immortalibus„
1428 3289 1531 3345 “si
1554 3284 1795 3346 innoxio
1823 3285 1931 3345 sibi
1954 3305 2024 3344 ea
2050 3286 2207 3378 inju-

203 3369 294 3428 ria
315 3367 507 3435 fieret,
528 3367 718 3446 primo
740 3385 975 3444 quoque
1013 3365 1687 3444 tempor-&desiderium
1718 3366 1810 3424 sui
1840 3364 2069 3424 civitati
2110 3385 2204 3424 m-

204 3456 392 3528 gratae
444 3448 711 3507 facerent
733 3449 798 3517 ;”
857 3447 1070 3504 absens
1117 3445 1462 3524 quindecim
1516 3444 1775 3506 millibus
1818 3445 2017 3526 gravis
2065 3443 2203 3508 aeris

205 3529 541 3588 damnatur.
1378 3539 1385 3542 “
2104 3587 2109 3590 .

284 3607 582 3668 XXXlll.
621 3605 888 3685 Expulso
915 3605 1067 3671 cive,
1101 3623 1223 3683 quo
1241 3609 1538 3674 manente,
1582 3604 1631 3662 si
1654 3603 2202 3682 quicquamhuma·

204 3707 412 3748 norum
446 3688 594 3746 certi
615 3692 724 3753 est,
773 3684 905 3764 capi
932 3687 1122 3744 Roma
1151 3705 1268 3744 non
1291 3689 1565 3764 >potuerat
1593 3703 1611 3752 ;
1654 3683 2020 3742 adventante·
2048 3681 2200 3738 fata·
2284 3683 2301 3702 ⁸
2361 3765 2372 3774 .

202 3767 246 3833 li
276 3769 404 3834 urbi
435 3767 626 3835 clade,
655 3764 836 3850 legati
864 3767 938 3826 ab
959 3764 1230 3835 Clusinis
1272 3765 1540 3880 veniunt,
1584 3761 1867 3821 auxilium
1913 3761 2196 3820 adversus
