<?xml version="1.0" encoding="UTF-8"?>
<!DOCTYPE html PUBLIC "-//W3C//DTD XHTML 1.0 Transitional//EN"
    "http://www.w3.org/TR/xhtml1/DTD/xhtml1-transitional.dtd">
<html xmlns="http://www.w3.org/1999/xhtml" xml:lang="en" lang="en">
 <head>
  <title>
</title>
<meta http-equiv="Content-Type" content="text/html;charset=utf-8" />
  <meta name='ocr-system' content='tesseract 3.04.00' />
  <meta name='ocr-capabilities' content='ocr_page ocr_carea ocr_par ocr_line ocrx_word'/>
</head>
<body>
  <div class='ocr_page' id='page_1' title='image "./titiliviipatavi00livigoog_0287.png"; bbox 0 0 2400 4109; ppageno 0'>
   <div class='ocr_carea' id='block_1_1' title="bbox 1041 134 2201 199">
    <p class='ocr_par' dir='ltr' id='par_1_1' title="bbox 1041 134 2201 199">
     <span class='ocr_line' id='line_1_1' title="bbox 1041 134 2201 199; baseline -0.002 -1"><span class='ocrx_word' id='word_1_1' title='bbox 1041 137 1304 199; x_wconf 86' lang='lat' dir='ltr'>LIBER</span> <span class='ocrx_word' id='word_1_2' title='bbox 1329 134 1404 198; x_wconf 80' lang='lat' dir='ltr'><strong>V.</strong></span> <span class='ocrx_word' id='word_1_3' title='bbox 2084 134 2201 197; x_wconf 72' lang='lat'><strong>253</strong></span> 
     </span>
    </p>
   </div>
   <div class='ocr_carea' id='block_1_2' title="bbox 202 294 2215 1960">
    <p class='ocr_par' dir='ltr' id='par_1_2' title="bbox 205 294 2215 1007">
     <span class='ocr_line' id='line_1_2' title="bbox 295 294 2210 376; baseline -0.001 -16"><span class='ocrx_word' id='word_1_4' title='bbox 295 297 614 360; x_wconf 83' lang='lat' dir='ltr'>XXXVII.</span> <span class='ocrx_word' id='word_1_5' title='bbox 653 297 854 372; x_wconf 84' lang='lat' dir='ltr'><strong>Quum</strong></span> <span class='ocrx_word' id='word_1_6' title='bbox 879 300 1050 358; x_wconf 79' lang='lat' dir='ltr'><strong>tanta</strong></span> <span class='ocrx_word' id='word_1_7' title='bbox 1075 298 1263 358; x_wconf 87' lang='lat' dir='ltr'><strong>moles</strong></span> <span class='ocrx_word' id='word_1_8' title='bbox 1291 295 1434 356; x_wconf 90' lang='lat' dir='ltr'><strong>mali</strong></span> <span class='ocrx_word' id='word_1_9' title='bbox 1481 295 1752 365; x_wconf 81' lang='lat' dir='ltr'><strong>instaret,</strong></span> <span class='ocrx_word' id='word_1_10' title='bbox 1802 294 1976 376; x_wconf 81' lang='lat' dir='ltr'><strong>(adeo</strong></span> <span class='ocrx_word' id='word_1_11' title='bbox 2017 314 2210 358; x_wconf 76' lang='lat' dir='ltr'><strong>occae—</strong></span> 
     </span>
     <span class='ocr_line' id='line_1_3' title="bbox 211 374 2210 456; baseline -0.001 -18"><span class='ocrx_word' id='word_1_12' title='bbox 211 385 310 438; x_wconf 73' lang='lat' dir='ltr'><strong>cat</strong></span> <span class='ocrx_word' id='word_1_13' title='bbox 336 378 562 439; x_wconf 85' lang='lat' dir='ltr'><strong>animos</strong></span> <span class='ocrx_word' id='word_1_14' title='bbox 587 377 850 446; x_wconf 69' lang='lat' dir='ltr'><strong>fortuna,</strong></span> <span class='ocrx_word' id='word_1_15' title='bbox 895 375 996 436; x_wconf 82' lang='lat' dir='ltr'><strong>ubi</strong></span> <span class='ocrx_word' id='word_1_16' title='bbox 1036 375 1158 436; x_wconf 87' lang='lat' dir='ltr'><strong>vim</strong></span> <span class='ocrx_word' id='word_1_17' title='bbox 1199 397 1366 436; x_wconf 87' lang='lat' dir='ltr'><strong>suam</strong></span> <span class='ocrx_word' id='word_1_18' title='bbox 1395 376 1766 456; x_wconf 79' lang='lat' dir='ltr'><strong>ingruentem</strong></span> <span class='ocrx_word' id='word_1_19' title='bbox 1806 374 2051 456; x_wconf 82' lang='lat' dir='ltr'>refringi</span> <span class='ocrx_word' id='word_1_20' title='bbox 2090 395 2210 436; x_wconf 83' lang='lat' dir='ltr'><strong>non</strong></span> 
     </span>
     <span class='ocr_line' id='line_1_4' title="bbox 211 455 2211 538; baseline -0.002 -22"><span class='ocrx_word' id='word_1_21' title='bbox 211 459 368 538; x_wconf 77' lang='lat' dir='ltr'><strong>vult)</strong></span> <span class='ocrx_word' id='word_1_22' title='bbox 400 457 630 525; x_wconf 88' lang='lat' dir='ltr'><strong>civitas,</strong></span> <span class='ocrx_word' id='word_1_23' title='bbox 672 477 810 534; x_wconf 82' lang='lat' dir='ltr'><strong>quae</strong></span> <span class='ocrx_word' id='word_1_24' title='bbox 840 455 1126 516; x_wconf 84' lang='lat' dir='ltr'><strong>adversus</strong></span> <span class='ocrx_word' id='word_1_25' title='bbox 1153 457 1505 516; x_wconf 83' lang='lat' dir='ltr'><strong>Fidenatem</strong></span> <span class='ocrx_word' id='word_1_26' title='bbox 1529 475 1601 515; x_wconf 90' lang='lat' dir='ltr'><strong>ac</strong></span> <span class='ocrx_word' id='word_1_27' title='bbox 1628 455 1942 535; x_wconf 72' lang='lat' dir='ltr'><strong>VeJentem</strong></span> <span class='ocrx_word' id='word_1_28' title='bbox 1980 455 2211 516; x_wconf 80' lang='lat' dir='ltr'><strong>hostem</strong></span> 
     </span>
     <span class='ocr_line' id='line_1_5' title="bbox 211 533 2210 616; baseline -0.002 -20"><span class='ocrx_word' id='word_1_29' title='bbox 211 535 480 616; x_wconf 82' lang='lat' dir='ltr'><strong>aliosque</strong></span> <span class='ocrx_word' id='word_1_30' title='bbox 505 535 791 596; x_wconf 85' lang='lat' dir='ltr'><strong>finitimos</strong></span> <span class='ocrx_word' id='word_1_31' title='bbox 815 537 1081 616; x_wconf 82' lang='lat' dir='ltr'><strong>populoS‚</strong></span> <span class='ocrx_word' id='word_1_32' title='bbox 1101 536 1311 594; x_wconf 84' lang='lat' dir='ltr'><strong>ultima</strong></span> <span class='ocrx_word' id='word_1_33' title='bbox 1338 533 1653 615; x_wconf 84' lang='lat' dir='ltr'><strong>experiens</strong></span> <span class='ocrx_word' id='word_1_34' title='bbox 1680 533 1917 602; x_wconf 84' lang='lat' dir='ltr'><strong>auxilia,</strong></span> <span class='ocrx_word' id='word_1_35' title='bbox 1954 533 2210 594; x_wconf 89' lang='lat' dir='ltr'><strong>dictato-</strong></span> 
     </span>
     <span class='ocr_line' id='line_1_6' title="bbox 213 613 2211 695; baseline 0 -22"><span class='ocrx_word' id='word_1_36' title='bbox 213 634 340 674; x_wconf 88' lang='lat' dir='ltr'><strong>rem</strong></span> <span class='ocrx_word' id='word_1_37' title='bbox 367 615 574 676; x_wconf 87' lang='lat' dir='ltr'><strong>multis</strong></span> <span class='ocrx_word' id='word_1_38' title='bbox 598 615 1054 695; x_wconf 79' lang='lat' dir='ltr'><strong>tempestatibus</strong></span> <span class='ocrx_word' id='word_1_39' title='bbox 1081 614 1333 674; x_wconf 79' lang='lat' dir='ltr'>dixisset</span> <span class='ocrx_word' id='word_1_40' title='bbox 1359 636 1377 685; x_wconf 83' lang='lat'>3</span> <span class='ocrx_word' id='word_1_41' title='bbox 1418 634 1491 673; x_wconf 82' lang='lat' dir='ltr'><strong>ea</strong></span> <span class='ocrx_word' id='word_1_42' title='bbox 1517 620 1681 683; x_wconf 89' lang='lat' dir='ltr'><strong>tunc,</strong></span> <span class='ocrx_word' id='word_1_43' title='bbox 1704 613 2005 675; x_wconf 83' lang='lat' dir='ltr'><strong>invisitato</strong></span> <span class='ocrx_word' id='word_1_44' title='bbox 2026 621 2211 691; x_wconf 84' lang='lat' dir='ltr'><strong>atque</strong></span> 
     </span>
     <span class='ocr_line' id='line_1_7' title="bbox 205 691 2215 785; baseline 0 -33"><span class='ocrx_word' id='word_1_45' title='bbox 205 692 483 768; x_wconf 24' lang='lat' dir='ltr'><strong>*inaudito</strong></span> <span class='ocrx_word' id='word_1_46' title='bbox 531 695 698 754; x_wconf 85' lang='lat' dir='ltr'><strong>hoste</strong></span> <span class='ocrx_word' id='word_1_47' title='bbox 726 697 799 754; x_wconf 89' lang='lat' dir='ltr'><strong>ab</strong></span> <span class='ocrx_word' id='word_1_48' title='bbox 827 713 1047 754; x_wconf 86' lang='lat' dir='ltr'><strong>oceano</strong></span> <span class='ocrx_word' id='word_1_49' title='bbox 1093 701 1499 785; x_wconf 86' lang='lat' dir='ltr'><strong>terrarumque</strong></span> <span class='ocrx_word' id='word_1_50' title='bbox 1546 691 1775 752; x_wconf 82' lang='lat' dir='ltr'><strong>ultimis</strong></span> <span class='ocrx_word' id='word_1_51' title='bbox 1822 693 1941 751; x_wconf 87' lang='lat' dir='ltr'><strong>oris</strong></span> <span class='ocrx_word' id='word_1_52' title='bbox 1990 693 2215 752; x_wconf 88' lang='lat' dir='ltr'><strong>bellum</strong></span> 
     </span>
     <span class='ocr_line' id='line_1_8' title="bbox 215 771 2211 852; baseline 0 -20"><span class='ocrx_word' id='word_1_53' title='bbox 215 771 428 842; x_wconf 83' lang='lat' dir='ltr'><strong>ciente,</strong></span> <span class='ocrx_word' id='word_1_54' title='bbox 488 773 636 833; x_wconf 86' lang='lat' dir='ltr'><strong>nihil</strong></span> <span class='ocrx_word' id='word_1_55' title='bbox 707 772 1156 834; x_wconf 84' lang='lat' dir='ltr'><strong>extraordinarii</strong></span> <span class='ocrx_word' id='word_1_56' title='bbox 1222 773 1455 852; x_wconf 79' lang='lat' dir='ltr'><strong>imperli</strong></span> <span class='ocrx_word' id='word_1_57' title='bbox 1508 779 1613 832; x_wconf 82' lang='lat' dir='ltr'><strong>aut</strong></span> <span class='ocrx_word' id='word_1_58' title='bbox 1660 771 1867 832; x_wconf 82' lang='lat' dir='ltr'><strong>auxilii</strong></span> <span class='ocrx_word' id='word_1_59' title='bbox 1914 772 2211 851; x_wconf 73' lang='lat' dir='ltr'><strong>quaesivit.</strong></span> 
     </span>
     <span class='ocr_line' id='line_1_9' title="bbox 213 850 2207 932; baseline 0 -22"><span class='ocrx_word' id='word_1_60' title='bbox 213 850 487 923; x_wconf 87' lang='lat' dir='ltr'><strong>Tribuni,</strong></span> <span class='ocrx_word' id='word_1_61' title='bbox 535 873 786 932; x_wconf 88' lang='lat' dir='ltr'><strong>quorum</strong></span> <span class='ocrx_word' id='word_1_62' title='bbox 825 852 1160 911; x_wconf 82' lang='lat' dir='ltr'><strong>temeritate</strong></span> <span class='ocrx_word' id='word_1_63' title='bbox 1186 853 1423 916; x_wconf 70' lang='lat' dir='ltr'><strong>bellum,</strong></span> <span class='ocrx_word' id='word_1_64' title='bbox 1458 858 1825 912; x_wconf 86' lang='lat' dir='ltr'><strong>contractum</strong></span> <span class='ocrx_word' id='word_1_65' title='bbox 1856 857 2001 920; x_wconf 86' lang='lat' dir='ltr'><strong>erat,</strong></span> <span class='ocrx_word' id='word_1_66' title='bbox 2046 871 2207 912; x_wconf 87' lang='lat' dir='ltr'><strong>sum-</strong></span> 
     </span>
     <span class='ocr_line' id='line_1_10' title="bbox 208 930 2211 1007; baseline -0.001 -13"><span class='ocrx_word' id='word_1_67' title='bbox 208 951 328 994; x_wconf 80' lang='lat' dir='ltr'><strong>mae</strong></span> <span class='ocrx_word' id='word_1_68' title='bbox 381 951 578 992; x_wconf 86' lang='lat' dir='ltr'><strong>rerum</strong></span> <span class='ocrx_word' id='word_1_69' title='bbox 675 938 936 992; x_wconf 84' lang='lat' dir='ltr'><strong>raeerant</strong></span> <span class='ocrx_word' id='word_1_70' title='bbox 964 951 980 988; x_wconf 70' lang='grc' dir='ltr'><strong><em>ε</em></strong></span> <span class='ocrx_word' id='word_1_71' title='bbox 1023 931 1445 1007; x_wconf 80' lang='lat' dir='ltr'><strong>delectumque</strong></span> <span class='ocrx_word' id='word_1_72' title='bbox 1512 931 1695 990; x_wconf 83' lang='lat' dir='ltr'><strong>nihilo</strong></span> <span class='ocrx_word' id='word_1_73' title='bbox 1762 930 2211 1002; x_wconf 75' lang='lat' dir='ltr'><strong>accuratiorem,</strong></span> 
     </span>
    </p>

    <p class='ocr_par' dir='ltr' id='par_1_3' title="bbox 202 1009 2209 1960">
     <span class='ocr_line' id='line_1_11' title="bbox 254 1009 2209 1090; baseline 0.001 -22"><span class='ocrx_word' id='word_1_74' title='bbox 254 1010 397 1069; x_wconf 64' lang='lat' dir='ltr'><strong>uam</strong></span> <span class='ocrx_word' id='word_1_75' title='bbox 423 1012 500 1071; x_wconf 88' lang='lat' dir='ltr'><strong>ad</strong></span> <span class='ocrx_word' id='word_1_76' title='bbox 529 1031 620 1070; x_wconf 92' lang='lat' dir='ltr'><strong>me</strong></span> <span class='ocrx_word' id='word_1_77' title='bbox 663 1012 723 1070; x_wconf 88' lang='lat' dir='ltr'><strong>ia</strong></span> <span class='ocrx_word' id='word_1_78' title='bbox 747 1011 908 1070; x_wconf 84' lang='lat' dir='ltr'><strong>bella</strong></span> <span class='ocrx_word' id='word_1_79' title='bbox 927 1009 1127 1070; x_wconf 86' lang='lat' dir='ltr'><strong>haberi</strong></span> <span class='ocrx_word' id='word_1_80' title='bbox 1154 1010 1369 1070; x_wconf 84' lang='lat' dir='ltr'><strong>solitus</strong></span> <span class='ocrx_word' id='word_1_81' title='bbox 1396 1018 1542 1078; x_wconf 87' lang='lat' dir='ltr'><strong>erat,</strong></span> <span class='ocrx_word' id='word_1_82' title='bbox 1568 1009 1986 1090; x_wconf 80' lang='lat' dir='ltr'><strong>(extenuantes</strong></span> <span class='ocrx_word' id='word_1_83' title='bbox 2029 1009 2209 1070; x_wconf 82' lang='lat' dir='ltr'><strong>etiam</strong></span> 
     </span>
     <span class='ocr_line' id='line_1_12' title="bbox 237 1086 2208 1170; baseline 0.002 -23"><span class='ocrx_word' id='word_1_84' title='bbox 237 1105 442 1149; x_wconf 81' lang='lat' dir='ltr'><strong>amam·</strong></span> <span class='ocrx_word' id='word_1_85' title='bbox 475 1088 638 1170; x_wconf 83' lang='lat' dir='ltr'><strong>belli)</strong></span> <span class='ocrx_word' id='word_1_86' title='bbox 682 1090 990 1166; x_wconf 52' lang='lat' dir='ltr'><strong>habebant,</strong></span> <span class='ocrx_word' id='word_1_87' title='bbox 1073 1087 1327 1148; x_wconf 70' lang='lat' dir='ltr'><strong>interim</strong></span> <span class='ocrx_word' id='word_1_88' title='bbox 1356 1086 1539 1156; x_wconf 85' lang='lat' dir='ltr'><strong>Galli,</strong></span> <span class='ocrx_word' id='word_1_89' title='bbox 1608 1099 1877 1167; x_wconf 81' lang='lat' dir='ltr'><strong>ostquam</strong></span> <span class='ocrx_word' id='word_1_90' title='bbox 1904 1109 2208 1170; x_wconf 88' lang='lat' dir='ltr'><strong>accepere,</strong></span> 
     </span>
     <span class='ocr_line' id='line_1_13' title="bbox 207 1165 2205 1258; baseline 0.002 -32"><span class='ocrx_word' id='word_1_91' title='bbox 207 1168 372 1227; x_wconf 86' lang='lat' dir='ltr'><strong>ultro</strong></span> <span class='ocrx_word' id='word_1_92' title='bbox 397 1168 673 1229; x_wconf 81' lang='lat' dir='ltr'><strong>honorem</strong></span> <span class='ocrx_word' id='word_1_93' title='bbox 699 1169 964 1228; x_wconf 86' lang='lat' dir='ltr'><strong>habitum</strong></span> <span class='ocrx_word' id='word_1_94' title='bbox 991 1167 1375 1228; x_wconf 86' lang='lat' dir='ltr'><strong>violatoribus</strong></span> <span class='ocrx_word' id='word_1_95' title='bbox 1391 1165 1545 1258; x_wconf 72' lang='lat' dir='ltr'><strong>juris</strong></span> <span class='ocrx_word' id='word_1_96' title='bbox 1616 1168 1833 1234; x_wconf 86' lang='lat' dir='ltr'><strong>umani,</strong></span> <span class='ocrx_word' id='word_1_97' title='bbox 1858 1168 2205 1249; x_wconf 82' lang='lat' dir='ltr'><strong>elusamque</strong></span> 
     </span>
     <span class='ocr_line' id='line_1_14' title="bbox 210 1245 2208 1327; baseline 0.002 -21"><span class='ocrx_word' id='word_1_98' title='bbox 210 1247 568 1327; x_wconf 79' lang='lat' dir='ltr'><strong>legationem</strong></span> <span class='ocrx_word' id='word_1_99' title='bbox 619 1268 784 1308; x_wconf 83' lang='lat' dir='ltr'><strong>suam</strong></span> <span class='ocrx_word' id='word_1_100' title='bbox 829 1267 982 1316; x_wconf 88' lang='lat' dir='ltr'><strong>esse,</strong></span> <span class='ocrx_word' id='word_1_101' title='bbox 1029 1246 1351 1327; x_wconf 84' lang='lat' dir='ltr'><strong>flagrantes</strong></span> <span class='ocrx_word' id='word_1_102' title='bbox 1403 1251 1512 1315; x_wconf 71' lang='lat' dir='ltr'><strong>lra,</strong></span> <span class='ocrx_word' id='word_1_103' title='bbox 1561 1249 1732 1326; x_wconf 87' lang='lat' dir='ltr'><strong>cujus</strong></span> <span class='ocrx_word' id='word_1_104' title='bbox 1778 1245 2073 1326; x_wconf 80' lang='lat' dir='ltr'><strong>impotens</strong></span> <span class='ocrx_word' id='word_1_105' title='bbox 2115 1255 2208 1310; x_wconf 84' lang='lat' dir='ltr'><strong>est</strong></span> 
     </span>
     <span class='ocr_line' id='line_1_15' title="bbox 205 1324 2206 1416; baseline 0.001 -31"><span class='ocrx_word' id='word_1_106' title='bbox 205 1345 372 1406; x_wconf 84' lang='lat' dir='ltr'><strong>gens,</strong></span> <span class='ocrx_word' id='word_1_107' title='bbox 401 1327 712 1387; x_wconf 86' lang='lat' dir='ltr'><strong>confestim</strong></span> <span class='ocrx_word' id='word_1_108' title='bbox 739 1327 922 1408; x_wconf 85' lang='lat' dir='ltr'><strong>signis</strong></span> <span class='ocrx_word' id='word_1_109' title='bbox 951 1326 1275 1394; x_wconf 85' lang='lat' dir='ltr'><strong>convulsis,</strong></span> <span class='ocrx_word' id='word_1_110' title='bbox 1316 1324 1499 1386; x_wconf 81' lang='lat' dir='ltr'><strong>citato</strong></span> <span class='ocrx_word' id='word_1_111' title='bbox 1521 1325 1755 1416; x_wconf 82' lang='lat' dir='ltr'><strong>agmine</strong></span> <span class='ocrx_word' id='word_1_112' title='bbox 1790 1325 1905 1386; x_wconf 88' lang='lat' dir='ltr'><strong>iter</strong></span> <span class='ocrx_word' id='word_1_113' title='bbox 1945 1325 2206 1408; x_wconf 82' lang='lat' dir='ltr'><strong>ingredi-</strong></span> 
     </span>
     <span class='ocr_line' id='line_1_16' title="bbox 205 1405 2205 1486; baseline 0.002 -22"><span class='ocrx_word' id='word_1_114' title='bbox 205 1411 410 1466; x_wconf 82' lang='lat' dir='ltr'><strong>untur.</strong></span> <span class='ocrx_word' id='word_1_115' title='bbox 489 1406 589 1466; x_wconf 80' lang='lat' dir='ltr'><strong>Ad</strong></span> <span class='ocrx_word' id='word_1_116' title='bbox 619 1425 868 1484; x_wconf 87' lang='lat' dir='ltr'><strong>quorum</strong></span> <span class='ocrx_word' id='word_1_117' title='bbox 894 1405 1382 1486; x_wconf 65' lang='lat' dir='ltr'><strong>praetereuntium</strong></span> <span class='ocrx_word' id='word_1_118' title='bbox 1426 1411 1642 1484; x_wconf 76' lang='lat' dir='ltr'><strong>raptim</strong></span> <span class='ocrx_word' id='word_1_119' title='bbox 1670 1405 1990 1464; x_wconf 89' lang='lat' dir='ltr'><strong>tumultum</strong></span> <span class='ocrx_word' id='word_1_120' title='bbox 2018 1426 2205 1484; x_wconf 84' lang='lat' dir='ltr'><strong>quum</strong></span> 
     </span>
     <span class='ocr_line' id='line_1_17' title="bbox 208 1483 2204 1566; baseline 0.002 -23"><span class='ocrx_word' id='word_1_121' title='bbox 208 1485 510 1546; x_wconf 70' lang='lat' dir='ltr'><strong>exterritae</strong></span> <span class='ocrx_word' id='word_1_122' title='bbox 558 1489 741 1544; x_wconf 84' lang='lat' dir='ltr'><strong>urbes</strong></span> <span class='ocrx_word' id='word_1_123' title='bbox 781 1487 858 1545; x_wconf 85' lang='lat' dir='ltr'><strong>ad</strong></span> <span class='ocrx_word' id='word_1_124' title='bbox 885 1495 1048 1546; x_wconf 82' lang='lat' dir='ltr'><strong>arma</strong></span> <span class='ocrx_word' id='word_1_125' title='bbox 1075 1490 1521 1552; x_wconf 86' lang='lat' dir='ltr'><strong>concurrerent,</strong></span> <span class='ocrx_word' id='word_1_126' title='bbox 1574 1483 1835 1564; x_wconf 84' lang='lat' dir='ltr'><strong>fugaque</strong></span> <span class='ocrx_word' id='word_1_127' title='bbox 1882 1487 2204 1566; x_wconf 79' lang='lat' dir='ltr'><strong>agrestium</strong></span> 
     </span>
     <span class='ocr_line' id='line_1_18' title="bbox 203 1563 2204 1654; baseline 0 -30"><span class='ocrx_word' id='word_1_128' title='bbox 203 1563 398 1632; x_wconf 85' lang='lat' dir='ltr'><strong>fieret,</strong></span> <span class='ocrx_word' id='word_1_129' title='bbox 423 1566 672 1624; x_wconf 85' lang='lat' dir='ltr'><strong>Romam</strong></span> <span class='ocrx_word' id='word_1_130' title='bbox 701 1585 766 1624; x_wconf 86' lang='lat' dir='ltr'><strong>se</strong></span> <span class='ocrx_word' id='word_1_131' title='bbox 791 1565 899 1634; x_wconf 88' lang='lat' dir='ltr'><strong>ire,</strong></span> <span class='ocrx_word' id='word_1_132' title='bbox 925 1583 1138 1646; x_wconf 82' lang='lat' dir='ltr'><strong>magno</strong></span> <span class='ocrx_word' id='word_1_133' title='bbox 1164 1565 1421 1626; x_wconf 86' lang='lat' dir='ltr'><strong>clamore</strong></span> <span class='ocrx_word' id='word_1_134' title='bbox 1444 1563 1893 1644; x_wconf 67' lang='lat' dir='ltr'><strong>si&#39;gnificabant3</strong></span> <span class='ocrx_word' id='word_1_135' title='bbox 1933 1584 2204 1654; x_wconf 82' lang='lat' dir='ltr'><strong>quacun-</strong></span> 
     </span>
     <span class='ocr_line' id='line_1_19' title="bbox 205 1641 2200 1724; baseline 0.001 -22"><span class='ocrx_word' id='word_1_136' title='bbox 205 1662 325 1722; x_wconf 89' lang='lat' dir='ltr'><strong>que</strong></span> <span class='ocrx_word' id='word_1_137' title='bbox 351 1643 534 1712; x_wconf 83' lang='lat' dir='ltr'><strong>ibant,</strong></span> <span class='ocrx_word' id='word_1_138' title='bbox 575 1643 746 1722; x_wconf 91' lang='lat' dir='ltr'><strong>equis</strong></span> <span class='ocrx_word' id='word_1_139' title='bbox 773 1643 1036 1723; x_wconf 87' lang='lat' dir='ltr'><strong>virisque</strong></span> <span class='ocrx_word' id='word_1_140' title='bbox 1059 1645 1231 1724; x_wconf 73' lang='lat' dir='ltr'><strong>longe</strong></span> <span class='ocrx_word' id='word_1_141' title='bbox 1272 1661 1343 1702; x_wconf 85' lang='lat' dir='ltr'><strong>ac</strong></span> <span class='ocrx_word' id='word_1_142' title='bbox 1370 1643 1489 1702; x_wconf 71' lang='lat' dir='ltr'><strong>late</strong></span> <span class='ocrx_word' id='word_1_143' title='bbox 1518 1641 1649 1702; x_wconf 85' lang='lat' dir='ltr'><strong>fuso</strong></span> <span class='ocrx_word' id='word_1_144' title='bbox 1690 1643 1923 1723; x_wconf 82' lang='lat' dir='ltr'><strong>agmine</strong></span> <span class='ocrx_word' id='word_1_145' title='bbox 1949 1663 2200 1704; x_wconf 82' lang='lat' dir='ltr'><strong>immen-</strong></span> 
     </span>
     <span class='ocr_line' id='line_1_20' title="bbox 205 1721 2200 1802; baseline 0.001 -20"><span class='ocrx_word' id='word_1_146' title='bbox 205 1741 342 1782; x_wconf 86' lang='lat' dir='ltr'><strong>sum</strong></span> <span class='ocrx_word' id='word_1_147' title='bbox 384 1723 716 1784; x_wconf 85' lang='lat' dir='ltr'><strong>obtinentes</strong></span> <span class='ocrx_word' id='word_1_148' title='bbox 770 1724 904 1783; x_wconf 88' lang='lat' dir='ltr'><strong>loci.</strong></span> <span class='ocrx_word' id='word_1_149' title='bbox 940 1789 941 1792; x_wconf 8' lang='grc' dir='ltr'><strong>Ἴ</strong></span> <span class='ocrx_word' id='word_1_150' title='bbox 987 1723 1125 1792; x_wconf 86' lang='lat' dir='ltr'><strong>Sed,</strong></span> <span class='ocrx_word' id='word_1_151' title='bbox 1179 1722 1577 1782; x_wconf 79' lang='lat' dir='ltr'><strong>antecedente</strong></span> <span class='ocrx_word' id='word_1_152' title='bbox 1626 1721 1787 1781; x_wconf 57' lang='lat' dir='ltr'><strong>fam&amp;</strong></span> <span class='ocrx_word' id='word_1_153' title='bbox 1842 1722 2200 1802; x_wconf 88' lang='lat' dir='ltr'><strong>nunciisque</strong></span> 
     </span>
     <span class='ocr_line' id='line_1_21' title="bbox 207 1800 2199 1882; baseline 0.002 -22"><span class='ocrx_word' id='word_1_154' title='bbox 207 1801 610 1872; x_wconf 79' lang='lat' dir='ltr'><strong>Clusinorum,</strong></span> <span class='ocrx_word' id='word_1_155' title='bbox 664 1802 946 1882; x_wconf 83' lang='lat' dir='ltr'><strong>deinceps</strong></span> <span class='ocrx_word' id='word_1_156' title='bbox 991 1803 1135 1862; x_wconf 87' lang='lat' dir='ltr'><strong>inde</strong></span> <span class='ocrx_word' id='word_1_157' title='bbox 1175 1801 1427 1862; x_wconf 85' lang='lat' dir='ltr'><strong>aliorum</strong></span> <span class='ocrx_word' id='word_1_158' title='bbox 1453 1801 1823 1881; x_wconf 84' lang='lat' dir='ltr'><strong>populorum,</strong></span> <span class='ocrx_word' id='word_1_159' title='bbox 1874 1800 2199 1882; x_wconf 82' lang='lat' dir='ltr'><strong>plurimum</strong></span> 
     </span>
     <span class='ocr_line' id='line_1_22' title="bbox 202 1880 2198 1960; baseline 0.002 -20"><span class='ocrx_word' id='word_1_160' title='bbox 202 1882 450 1940; x_wconf 70' lang='lat' dir='ltr'><strong>terroris</strong></span> <span class='ocrx_word' id='word_1_161' title='bbox 479 1883 724 1942; x_wconf 80' lang='lat' dir='ltr'><strong>Romam</strong></span> <span class='ocrx_word' id='word_1_162' title='bbox 753 1882 1027 1944; x_wconf 86' lang='lat' dir='ltr'><strong>celeritas</strong></span> <span class='ocrx_word' id='word_1_163' title='bbox 1054 1881 1311 1942; x_wconf 88' lang='lat' dir='ltr'><strong>hostium</strong></span> <span class='ocrx_word' id='word_1_164' title='bbox 1346 1880 1487 1940; x_wconf 89' lang='lat' dir='ltr'><strong>tulit</strong></span> <span class='ocrx_word' id='word_1_165' title='bbox 1513 1901 1531 1950; x_wconf 82' lang='lat'>3</span> <span class='ocrx_word' id='word_1_166' title='bbox 1572 1880 1795 1960; x_wconf 84' lang='lat' dir='ltr'><strong>quippe</strong></span> <span class='ocrx_word' id='word_1_167' title='bbox 1820 1881 2053 1960; x_wconf 76' lang='lat' dir='ltr'><strong>quibuS,</strong></span> <span class='ocrx_word' id='word_1_168' title='bbox 2094 1904 2198 1944; x_wconf 83' lang='lat' dir='ltr'><strong>ve·</strong></span> 
     </span>
    </p>
   </div>
   <div class='ocr_carea' id='block_1_3' title="bbox 97 1959 2197 2042">
    <p class='ocr_par' dir='ltr' id='par_1_4' title="bbox 97 1959 2197 2042">
     <span class='ocr_line' id='line_1_23' title="bbox 97 1959 2197 2042; baseline 0.001 -23"><span class='ocrx_word' id='word_1_169' title='bbox 97 1972 108 1981; x_wconf 84' lang='lat'><em>&#39;</em></span> <span class='ocrx_word' id='word_1_170' title='bbox 203 1960 304 2019; x_wconf 92' lang='lat' dir='ltr'><strong>lut</strong></span> <span class='ocrx_word' id='word_1_171' title='bbox 323 1961 708 2020; x_wconf 83' lang='lat' dir='ltr'><strong>tumultuario</strong></span> <span class='ocrx_word' id='word_1_172' title='bbox 735 1960 998 2022; x_wconf 83' lang='lat' dir='ltr'><strong>exercitu</strong></span> <span class='ocrx_word' id='word_1_173' title='bbox 1037 1960 1253 2042; x_wconf 84' lang='lat' dir='ltr'><strong>raptim</strong></span> <span class='ocrx_word' id='word_1_174' title='bbox 1280 1959 1481 2028; x_wconf 89' lang='lat' dir='ltr'><strong>ducto,</strong></span> <span class='ocrx_word' id='word_1_175' title='bbox 1514 1961 1671 2041; x_wconf 71' lang='lat' dir='ltr'><strong>aegre</strong></span> <span class='ocrx_word' id='word_1_176' title='bbox 1712 1961 1789 2020; x_wconf 86' lang='lat' dir='ltr'><strong>ad</strong></span> <span class='ocrx_word' id='word_1_177' title='bbox 1815 1959 2197 2021; x_wconf 82' lang='lat' dir='ltr'><strong>undecimum</strong></span> 
     </span>
    </p>
   </div>
   <div class='ocr_carea' id='block_1_4' title="bbox 185 2038 2309 2519">
    <p class='ocr_par' dir='ltr' id='par_1_5' title="bbox 185 2038 2309 2519">
     <span class='ocr_line' id='line_1_24' title="bbox 204 2038 2196 2118; baseline 0.001 -20"><span class='ocrx_word' id='word_1_178' title='bbox 204 2038 470 2118; x_wconf 88' lang='lat' dir='ltr'><strong>lapidem</strong></span> <span class='ocrx_word' id='word_1_179' title='bbox 497 2059 807 2100; x_wconf 86' lang='lat' dir='ltr'><strong>occursum</strong></span> <span class='ocrx_word' id='word_1_180' title='bbox 833 2045 946 2109; x_wconf 88' lang='lat' dir='ltr'><strong>est,</strong></span> <span class='ocrx_word' id='word_1_181' title='bbox 993 2046 1114 2118; x_wconf 64' lang='lat' dir='ltr'><strong>qua</strong></span> <span class='ocrx_word' id='word_1_182' title='bbox 1133 2039 1361 2098; x_wconf 84' lang='lat' dir='ltr'><strong>fiumen</strong></span> <span class='ocrx_word' id='word_1_183' title='bbox 1388 2039 1570 2108; x_wconf 85' lang='lat' dir='ltr'><strong>Allia,</strong></span> <span class='ocrx_word' id='word_1_184' title='bbox 1598 2038 1999 2099; x_wconf 83' lang='lat' dir='ltr'><strong>Crustuminis</strong></span> <span class='ocrx_word' id='word_1_185' title='bbox 2026 2060 2196 2100; x_wconf 87' lang='lat' dir='ltr'><strong>mon-</strong></span> 
     </span>
     <span class='ocr_line' id='line_1_25' title="bbox 202 2117 2309 2198; baseline 0.001 -21"><span class='ocrx_word' id='word_1_186' title='bbox 202 2118 370 2177; x_wconf 88' lang='lat' dir='ltr'><strong>tibus</strong></span> <span class='ocrx_word' id='word_1_187' title='bbox 387 2119 634 2198; x_wconf 81' lang='lat' dir='ltr'><strong>praealto</strong></span> <span class='ocrx_word' id='word_1_188' title='bbox 670 2119 941 2179; x_wconf 85' lang='lat' dir='ltr'><strong>defluens</strong></span> <span class='ocrx_word' id='word_1_189' title='bbox 967 2121 1156 2188; x_wconf 82' lang='lat' dir='ltr'><strong>alveo,</strong></span> <span class='ocrx_word' id='word_1_190' title='bbox 1182 2119 1339 2178; x_wconf 86' lang='lat' dir='ltr'><strong>haud</strong></span> <span class='ocrx_word' id='word_1_191' title='bbox 1366 2119 1618 2177; x_wconf 88' lang='lat' dir='ltr'><strong>multum</strong></span> <span class='ocrx_word' id='word_1_192' title='bbox 1644 2117 1801 2177; x_wconf 87' lang='lat' dir='ltr'><strong>infra</strong></span> <span class='ocrx_word' id='word_1_193' title='bbox 1826 2118 1983 2177; x_wconf 87' lang='lat' dir='ltr'><strong>viam</strong></span> <span class='ocrx_word' id='word_1_194' title='bbox 2012 2119 2195 2180; x_wconf 88' lang='lat' dir='ltr'><strong>Tibe·</strong></span> <span class='ocrx_word' id='word_1_195' title='bbox 2306 2136 2309 2141; x_wconf 83' lang='lat'>&#39;</span> 
     </span>
     <span class='ocr_line' id='line_1_26' title="bbox 203 2196 2197 2276; baseline 0.002 -20"><span class='ocrx_word' id='word_1_196' title='bbox 203 2196 339 2256; x_wconf 89' lang='lat' dir='ltr'><strong>rino</strong></span> <span class='ocrx_word' id='word_1_197' title='bbox 393 2199 552 2258; x_wconf 85' lang='lat' dir='ltr'><strong>amni</strong></span> <span class='ocrx_word' id='word_1_198' title='bbox 579 2197 878 2258; x_wconf 85' lang='lat' dir='ltr'><strong>miscetur.</strong></span> <span class='ocrx_word' id='word_1_199' title='bbox 955 2200 1090 2259; x_wconf 86' lang='lat' dir='ltr'><strong>Jam</strong></span> <span class='ocrx_word' id='word_1_200' title='bbox 1132 2198 1331 2261; x_wconf 85' lang='lat' dir='ltr'><strong>omnia</strong></span> <span class='ocrx_word' id='word_1_201' title='bbox 1372 2199 1580 2258; x_wconf 58' lang='lat' dir='ltr'><strong>contra</strong></span> <span class='ocrx_word' id='word_1_202' title='bbox 1620 2197 1900 2276; x_wconf 52' lang='lat' dir='ltr'><strong>circaque</strong></span> <span class='ocrx_word' id='word_1_203' title='bbox 1939 2197 2197 2260; x_wconf 83' lang='lat' dir='ltr'><strong>hostium</strong></span> 
     </span>
     <span class='ocr_line' id='line_1_27' title="bbox 203 2275 2196 2358; baseline 0.002 -22"><span class='ocrx_word' id='word_1_204' title='bbox 203 2276 387 2358; x_wconf 81' lang='lat' dir='ltr'><strong>plena</strong></span> <span class='ocrx_word' id='word_1_205' title='bbox 413 2285 604 2346; x_wconf 88' lang='lat' dir='ltr'><strong>erant,</strong></span> <span class='ocrx_word' id='word_1_206' title='bbox 629 2285 690 2338; x_wconf 90' lang='lat' dir='ltr'><strong>et</strong></span> <span class='ocrx_word' id='word_1_207' title='bbox 715 2284 858 2338; x_wconf 81' lang='lat' dir='ltr'><strong>nata</strong></span> <span class='ocrx_word' id='word_1_208' title='bbox 877 2277 941 2338; x_wconf 89' lang='lat' dir='ltr'><strong>in</strong></span> <span class='ocrx_word' id='word_1_209' title='bbox 969 2296 1151 2337; x_wconf 83' lang='lat' dir='ltr'><strong>vanos</strong></span> <span class='ocrx_word' id='word_1_210' title='bbox 1177 2275 1471 2336; x_wconf 88' lang='lat' dir='ltr'><strong>tumultus</strong></span> <span class='ocrx_word' id='word_1_211' title='bbox 1497 2289 1663 2357; x_wconf 85' lang='lat' dir='ltr'><strong>gens,</strong></span> <span class='ocrx_word' id='word_1_212' title='bbox 1682 2276 1840 2336; x_wconf 88' lang='lat' dir='ltr'><strong>truci</strong></span> <span class='ocrx_word' id='word_1_213' title='bbox 1860 2285 2042 2337; x_wconf 87' lang='lat' dir='ltr'><strong>cantu</strong></span> <span class='ocrx_word' id='word_1_214' title='bbox 2070 2279 2196 2344; x_wconf 69' lang='lat' dir='ltr'><strong>cla,-</strong></span> 
     </span>
     <span class='ocr_line' id='line_1_28' title="bbox 185 2355 2018 2436; baseline 0 -20"><span class='ocrx_word' id='word_1_215' title='bbox 185 2355 584 2434; x_wconf 76' lang='lat' dir='ltr'><strong>,moribusque</strong></span> <span class='ocrx_word' id='word_1_216' title='bbox 611 2357 808 2425; x_wconf 76' lang='lat' dir='ltr'><strong>variiS,</strong></span> <span class='ocrx_word' id='word_1_217' title='bbox 830 2356 1365 2416; x_wconf 40' lang='lat' dir='ltr'><strong>horrendolcuncta</strong></span> <span class='ocrx_word' id='word_1_218' title='bbox 1389 2357 1831 2436; x_wconf 83' lang='lat' dir='ltr'><strong>compleverant</strong></span> <span class='ocrx_word' id='word_1_219' title='bbox 1858 2375 2018 2416; x_wconf 85' lang='lat' dir='ltr'><strong>sono.</strong></span> 
     </span>
     <span class='ocr_line' id='line_1_29' title="bbox 285 2435 2193 2519; baseline 0.002 -25"><span class='ocrx_word' id='word_1_220' title='bbox 285 2435 639 2508; x_wconf 70' lang='lat' dir='ltr'><strong>xxxviii.</strong></span> <span class='ocrx_word' id='word_1_221' title='bbox 683 2435 773 2494; x_wconf 90' lang='lat' dir='ltr'><strong>Ibi</strong></span> <span class='ocrx_word' id='word_1_222' title='bbox 798 2436 1020 2496; x_wconf 85' lang='lat' dir='ltr'><strong>tribuni</strong></span> <span class='ocrx_word' id='word_1_223' title='bbox 1039 2435 1318 2503; x_wconf 82' lang='lat' dir='ltr'><strong>militum,</strong></span> <span class='ocrx_word' id='word_1_224' title='bbox 1344 2455 1463 2496; x_wconf 87' lang='lat' dir='ltr'><strong>non</strong></span> <span class='ocrx_word' id='word_1_225' title='bbox 1491 2436 1622 2496; x_wconf 89' lang='lat' dir='ltr'><strong>loco</strong></span> <span class='ocrx_word' id='word_1_226' title='bbox 1648 2436 1861 2496; x_wconf 85' lang='lat' dir='ltr'><strong>castris</strong></span> <span class='ocrx_word' id='word_1_227' title='bbox 1890 2437 2029 2496; x_wconf 74' lang='lat' dir='ltr'><strong>ante</strong></span> <span class='ocrx_word' id='word_1_228' title='bbox 2050 2457 2193 2519; x_wconf 88' lang='lat' dir='ltr'><strong>cap·</strong></span> 
     </span>
    </p>
   </div>
   <div class='ocr_carea' id='block_1_5' title="bbox 77 2514 2189 2599">
    <p class='ocr_par' dir='ltr' id='par_1_6' title="bbox 77 2514 2189 2599">
     <span class='ocr_line' id='line_1_30' title="bbox 77 2514 2189 2599; baseline 0.002 -25"><span class='ocrx_word' id='word_1_229' title='bbox 77 2515 80 2518; x_wconf 77' lang='grc'>’</span> <span class='ocrx_word' id='word_1_230' title='bbox 196 2519 286 2582; x_wconf 84' lang='lat' dir='ltr'><strong>to,</strong></span> <span class='ocrx_word' id='word_1_231' title='bbox 311 2534 430 2574; x_wconf 86' lang='lat' dir='ltr'><strong>non</strong></span> <span class='ocrx_word' id='word_1_232' title='bbox 459 2515 818 2594; x_wconf 78' lang='lat' dir='ltr'><strong>praemunito</strong></span> <span class='ocrx_word' id='word_1_233' title='bbox 863 2516 1040 2583; x_wconf 84' lang='lat' dir='ltr'><strong>vallo,</strong></span> <span class='ocrx_word' id='word_1_234' title='bbox 1085 2514 1209 2599; x_wconf 45' lang='lat' dir='ltr'><strong>quc</strong></span> <span class='ocrx_word' id='word_1_235' title='bbox 1234 2531 1511 2593; x_wconf 86' lang='lat' dir='ltr'><strong>receptus</strong></span> <span class='ocrx_word' id='word_1_236' title='bbox 1558 2523 1735 2585; x_wconf 84' lang='lat' dir='ltr'><strong>esset,</strong></span> <span class='ocrx_word' id='word_1_237' title='bbox 1784 2535 1901 2576; x_wconf 87' lang='lat' dir='ltr'><strong>non</strong></span> <span class='ocrx_word' id='word_1_238' title='bbox 1928 2518 2189 2578; x_wconf 82' lang='lat' dir='ltr'><strong>Deorum</strong></span> 
     </span>
    </p>
   </div>
   <div class='ocr_carea' id='block_1_6' title="bbox 153 2593 2197 3783">
    <p class='ocr_par' dir='ltr' id='par_1_7' title="bbox 153 2593 2197 3783">
     <span class='ocr_line' id='line_1_31' title="bbox 203 2593 2194 2674; baseline 0.004 -22"><span class='ocrx_word' id='word_1_239' title='bbox 203 2594 436 2663; x_wconf 86' lang='lat' dir='ltr'><strong>saltem,</strong></span> <span class='ocrx_word' id='word_1_240' title='bbox 468 2594 517 2654; x_wconf 89' lang='lat' dir='ltr'><strong>si</strong></span> <span class='ocrx_word' id='word_1_241' title='bbox 544 2613 660 2653; x_wconf 86' lang='lat' dir='ltr'><strong>non</strong></span> <span class='ocrx_word' id='word_1_242' title='bbox 687 2593 1008 2662; x_wconf 84' lang='lat' dir='ltr'><strong>hominum,</strong></span> <span class='ocrx_word' id='word_1_243' title='bbox 1037 2613 1341 2662; x_wconf 86' lang='lat' dir='ltr'><strong>memores,</strong></span> <span class='ocrx_word' id='word_1_244' title='bbox 1368 2611 1480 2653; x_wconf 90' lang='lat' dir='ltr'><strong>nec</strong></span> <span class='ocrx_word' id='word_1_245' title='bbox 1507 2595 1827 2674; x_wconf 85' lang='lat' dir='ltr'><strong>auspicato,</strong></span> <span class='ocrx_word' id='word_1_246' title='bbox 1862 2615 1972 2656; x_wconf 87' lang='lat' dir='ltr'><strong>nec</strong></span> <span class='ocrx_word' id='word_1_247' title='bbox 2000 2594 2194 2668; x_wconf 90' lang='lat' dir='ltr'><strong>litato,</strong></span> 
     </span>
     <span class='ocr_line' id='line_1_32' title="bbox 201 2672 2195 2746; baseline 0.002 -12"><span class='ocrx_word' id='word_1_248' title='bbox 201 2674 512 2734; x_wconf 83' lang='lat' dir='ltr'><strong>instruunt</strong></span> <span class='ocrx_word' id='word_1_249' title='bbox 537 2674 727 2734; x_wconf 81' lang='lat' dir='ltr'><strong>aciem</strong></span> <span class='ocrx_word' id='word_1_250' title='bbox 755 2672 1074 2734; x_wconf 83' lang='lat' dir='ltr'><strong>deductam</strong></span> <span class='ocrx_word' id='word_1_251' title='bbox 1111 2673 1174 2732; x_wconf 90' lang='lat' dir='ltr'><strong>in</strong></span> <span class='ocrx_word' id='word_1_252' title='bbox 1201 2691 1443 2742; x_wconf 84' lang='lat' dir='ltr'><strong>cornua,</strong></span> <span class='ocrx_word' id='word_1_253' title='bbox 1492 2693 1569 2734; x_wconf 84' lang='lat' dir='ltr'><strong>ne</strong></span> <span class='ocrx_word' id='word_1_254' title='bbox 1596 2673 2012 2746; x_wconf 83' lang='lat' dir='ltr'><strong>circumveniri</strong></span> <span class='ocrx_word' id='word_1_255' title='bbox 2039 2677 2195 2738; x_wconf 88' lang='lat' dir='ltr'><strong>mul-</strong></span> 
     </span>
     <span class='ocr_line' id='line_1_33' title="bbox 199 2751 2195 2837; baseline 0.003 -23"><span class='ocrx_word' id='word_1_256' title='bbox 199 2751 458 2814; x_wconf 86' lang='lat' dir='ltr'><strong>titudine</strong></span> <span class='ocrx_word' id='word_1_257' title='bbox 484 2753 739 2814; x_wconf 86' lang='lat' dir='ltr'><strong>hostium</strong></span> <span class='ocrx_word' id='word_1_258' title='bbox 769 2758 1053 2834; x_wconf 83' lang='lat' dir='ltr'><strong>possent3</strong></span> <span class='ocrx_word' id='word_1_259' title='bbox 1093 2773 1207 2814; x_wconf 89' lang='lat' dir='ltr'><strong>nec</strong></span> <span class='ocrx_word' id='word_1_260' title='bbox 1254 2757 1456 2814; x_wconf 86' lang='lat' dir='ltr'><strong>tamen</strong></span> <span class='ocrx_word' id='word_1_261' title='bbox 1501 2753 1727 2830; x_wconf 78' lang='lat' dir='ltr'><strong>oequari</strong></span> <span class='ocrx_word' id='word_1_262' title='bbox 1770 2754 1997 2816; x_wconf 86' lang='lat' dir='ltr'><strong>frontes</strong></span> <span class='ocrx_word' id='word_1_263' title='bbox 2026 2763 2195 2837; x_wconf 87' lang='lat' dir='ltr'><strong>pote·</strong></span> 
     </span>
     <span class='ocr_line' id='line_1_34' title="bbox 204 2831 2196 2912; baseline 0.002 -20"><span class='ocrx_word' id='word_1_264' title='bbox 204 2839 363 2899; x_wconf 83' lang='lat' dir='ltr'><strong>rant,</strong></span> <span class='ocrx_word' id='word_1_265' title='bbox 385 2853 568 2912; x_wconf 86' lang='lat' dir='ltr'><strong>quum</strong></span> <span class='ocrx_word' id='word_1_266' title='bbox 589 2833 968 2894; x_wconf 86' lang='lat' dir='ltr'><strong>extenuando</strong></span> <span class='ocrx_word' id='word_1_267' title='bbox 983 2831 1281 2894; x_wconf 81' lang='lat' dir='ltr'><strong>infirmam</strong></span> <span class='ocrx_word' id='word_1_268' title='bbox 1308 2839 1371 2892; x_wconf 87' lang='lat' dir='ltr'><strong>et</strong></span> <span class='ocrx_word' id='word_1_269' title='bbox 1394 2831 1495 2892; x_wconf 80' lang='lat' dir='ltr'><strong>vix</strong></span> <span class='ocrx_word' id='word_1_270' title='bbox 1516 2833 1911 2894; x_wconf 71' lang='lat' dir='ltr'><strong>cohaerentem</strong></span> <span class='ocrx_word' id='word_1_271' title='bbox 1938 2837 2196 2898; x_wconf 88' lang='lat' dir='ltr'><strong>mediam</strong></span> 
     </span>
     <span class='ocr_line' id='line_1_35' title="bbox 199 2910 2195 2992; baseline 0.001 -19"><span class='ocrx_word' id='word_1_272' title='bbox 199 2910 394 2973; x_wconf 82' lang='lat' dir='ltr'><strong>aciem</strong></span> <span class='ocrx_word' id='word_1_273' title='bbox 416 2911 717 2971; x_wconf 82' lang='lat' dir='ltr'><strong>haberent.</strong></span> <span class='ocrx_word' id='word_1_274' title='bbox 797 2912 1075 2972; x_wconf 85' lang='lat' dir='ltr'><strong>Paullum</strong></span> <span class='ocrx_word' id='word_1_275' title='bbox 1101 2916 1233 2972; x_wconf 86' lang='lat' dir='ltr'><strong>erat</strong></span> <span class='ocrx_word' id='word_1_276' title='bbox 1270 2913 1345 2970; x_wconf 85' lang='lat' dir='ltr'><strong>ab</strong></span> <span class='ocrx_word' id='word_1_277' title='bbox 1370 2910 1617 2974; x_wconf 86' lang='lat' dir='ltr'><strong>dextera</strong></span> <span class='ocrx_word' id='word_1_278' title='bbox 1654 2911 1802 2971; x_wconf 88' lang='lat' dir='ltr'><strong>editi</strong></span> <span class='ocrx_word' id='word_1_279' title='bbox 1828 2913 1963 2981; x_wconf 88' lang='lat' dir='ltr'><strong>loci,</strong></span> <span class='ocrx_word' id='word_1_280' title='bbox 2015 2933 2195 2992; x_wconf 87' lang='lat' dir='ltr'><strong>quem</strong></span> 
     </span>
     <span class='ocr_line' id='line_1_36' title="bbox 197 2989 2192 3072; baseline 0.001 -21"><span class='ocrx_word' id='word_1_281' title='bbox 197 2989 571 3051; x_wconf 83' lang='lat' dir='ltr'><strong>subsidiariis</strong></span> <span class='ocrx_word' id='word_1_282' title='bbox 599 2990 814 3070; x_wconf 80' lang='lat' dir='ltr'><strong>repleri</strong></span> <span class='ocrx_word' id='word_1_283' title='bbox 843 2990 1075 3071; x_wconf 85' lang='lat' dir='ltr'><strong>placuit</strong></span> <span class='ocrx_word' id='word_1_284' title='bbox 1103 3009 1122 3060; x_wconf 68' lang='grc' dir='ltr'>ς</span> <span class='ocrx_word' id='word_1_285' title='bbox 1161 3009 1352 3067; x_wconf 87' lang='lat' dir='ltr'><strong>eaque</strong></span> <span class='ocrx_word' id='word_1_286' title='bbox 1379 3009 1493 3059; x_wconf 77' lang='lat' dir='ltr'><strong>reS,</strong></span> <span class='ocrx_word' id='word_1_287' title='bbox 1520 2997 1588 3050; x_wconf 86' lang='lat' dir='ltr'><strong>ut</strong></span> <span class='ocrx_word' id='word_1_288' title='bbox 1614 2989 1845 3051; x_wconf 87' lang='lat' dir='ltr'><strong>initium</strong></span> <span class='ocrx_word' id='word_1_289' title='bbox 1868 2993 2102 3072; x_wconf 85' lang='lat' dir='ltr'><strong>pavoris</strong></span> <span class='ocrx_word' id='word_1_290' title='bbox 2120 3013 2192 3052; x_wconf 89' lang='lat' dir='ltr'><strong>ac</strong></span> 
     </span>
     <span class='ocr_line' id='line_1_37' title="bbox 199 3068 2195 3162; baseline 0.001 -32"><span class='ocrx_word' id='word_1_291' title='bbox 199 3070 386 3150; x_wconf 81' lang='lat' dir='ltr'><strong>fugae,</strong></span> <span class='ocrx_word' id='word_1_292' title='bbox 433 3069 518 3128; x_wconf 89' lang='lat' dir='ltr'><strong>sic</strong></span> <span class='ocrx_word' id='word_1_293' title='bbox 550 3089 670 3132; x_wconf 85' lang='lat' dir='ltr'><strong>una</strong></span> <span class='ocrx_word' id='word_1_294' title='bbox 695 3069 856 3130; x_wconf 81' lang='lat' dir='ltr'><strong>salus</strong></span> <span class='ocrx_word' id='word_1_295' title='bbox 895 3068 1259 3162; x_wconf 75' lang='lat' dir='ltr'><strong>fugientibus</strong></span> <span class='ocrx_word' id='word_1_296' title='bbox 1284 3068 1417 3129; x_wconf 82' lang='lat' dir='ltr'><strong>fuit.</strong></span> <span class='ocrx_word' id='word_1_297' title='bbox 1496 3070 1657 3132; x_wconf 83' lang='lat' dir='ltr'><strong>Nam</strong></span> <span class='ocrx_word' id='word_1_298' title='bbox 1700 3071 1991 3140; x_wconf 77' lang='lat' dir='ltr'><strong>BrennuS,</strong></span> <span class='ocrx_word' id='word_1_299' title='bbox 2019 3090 2195 3152; x_wconf 84' lang='lat' dir='ltr'><strong>regu-</strong></span> 
     </span>
     <span class='ocr_line' id='line_1_38' title="bbox 197 3143 2195 3230; baseline 0.001 -22"><span class='ocrx_word' id='word_1_300' title='bbox 197 3149 302 3208; x_wconf 90' lang='lat' dir='ltr'><strong>lus</strong></span> <span class='ocrx_word' id='word_1_301' title='bbox 329 3147 658 3216; x_wconf 83' lang='lat' dir='ltr'><strong>Gallorum,</strong></span> <span class='ocrx_word' id='word_1_302' title='bbox 709 3149 772 3207; x_wconf 88' lang='lat' dir='ltr'><strong>in</strong></span> <span class='ocrx_word' id='word_1_303' title='bbox 817 3150 1118 3230; x_wconf 70' lang='lat' dir='ltr'><strong>paucitate</strong></span> <span class='ocrx_word' id='word_1_304' title='bbox 1160 3143 1419 3208; x_wconf 76' lang='lat' dir='ltr'><strong>bostium</strong></span> <span class='ocrx_word' id='word_1_305' title='bbox 1446 3156 1637 3210; x_wconf 86' lang='lat' dir='ltr'><strong>artem</strong></span> <span class='ocrx_word' id='word_1_306' title='bbox 1663 3150 1917 3210; x_wconf 75' lang='lat' dir='ltr'><strong>maxime</strong></span> <span class='ocrx_word' id='word_1_307' title='bbox 1959 3149 2195 3219; x_wconf 84' lang='lat' dir='ltr'><strong>timens,</strong></span> 
     </span>
     <span class='ocr_line' id='line_1_39' title="bbox 198 3227 2195 3308; baseline 0.002 -21"><span class='ocrx_word' id='word_1_308' title='bbox 198 3232 370 3287; x_wconf 88' lang='lat' dir='ltr'><strong>ratus</strong></span> <span class='ocrx_word' id='word_1_309' title='bbox 395 3227 472 3286; x_wconf 85' lang='lat' dir='ltr'><strong>ad</strong></span> <span class='ocrx_word' id='word_1_310' title='bbox 495 3229 559 3287; x_wconf 90' lang='lat' dir='ltr'><strong>id</strong></span> <span class='ocrx_word' id='word_1_311' title='bbox 581 3236 819 3308; x_wconf 86' lang='lat' dir='ltr'><strong>captum</strong></span> <span class='ocrx_word' id='word_1_312' title='bbox 849 3228 1209 3308; x_wconf 86' lang='lat' dir='ltr'><strong>superiorem</strong></span> <span class='ocrx_word' id='word_1_313' title='bbox 1232 3229 1449 3298; x_wconf 85' lang='lat' dir='ltr'><strong>locum,</strong></span> <span class='ocrx_word' id='word_1_314' title='bbox 1470 3235 1553 3298; x_wconf 89' lang='lat' dir='ltr'><strong>ut,</strong></span> <span class='ocrx_word' id='word_1_315' title='bbox 1582 3228 1681 3289; x_wconf 90' lang='lat' dir='ltr'><strong>ubi</strong></span> <span class='ocrx_word' id='word_1_316' title='bbox 1710 3228 1872 3288; x_wconf 86' lang='lat' dir='ltr'><strong>Galli</strong></span> <span class='ocrx_word' id='word_1_317' title='bbox 1900 3249 2035 3289; x_wconf 89' lang='lat' dir='ltr'><strong>eum</strong></span> <span class='ocrx_word' id='word_1_318' title='bbox 2062 3228 2195 3291; x_wconf 84' lang='lat' dir='ltr'><strong>acie</strong></span> 
     </span>
     <span class='ocr_line' id='line_1_40' title="bbox 198 3305 2195 3386; baseline 0.002 -20"><span class='ocrx_word' id='word_1_319' title='bbox 198 3305 496 3386; x_wconf 81' lang='lat' dir='ltr'><strong>legionum</strong></span> <span class='ocrx_word' id='word_1_320' title='bbox 525 3315 694 3374; x_wconf 66' lang='lat' dir='ltr'><strong>recta</strong></span> <span class='ocrx_word' id='word_1_321' title='bbox 735 3307 931 3367; x_wconf 84' lang='lat' dir='ltr'><strong>fronte</strong></span> <span class='ocrx_word' id='word_1_322' title='bbox 973 3306 1515 3375; x_wconf 84' lang='lat' dir='ltr'><strong>concucurrissent,</strong></span> <span class='ocrx_word' id='word_1_323' title='bbox 1576 3307 1839 3378; x_wconf 81' lang='lat' dir='ltr'><strong>subsidia</strong></span> <span class='ocrx_word' id='word_1_324' title='bbox 1863 3307 1925 3368; x_wconf 86' lang='lat' dir='ltr'><strong>iu</strong></span> <span class='ocrx_word' id='word_1_325' title='bbox 1954 3328 2195 3372; x_wconf 74' lang='lat' dir='ltr'><strong>aversos</strong></span> 
     </span>
     <span class='ocr_line' id='line_1_41' title="bbox 197 3385 2193 3479; baseline 0.002 -33"><span class='ocrx_word' id='word_1_326' title='bbox 197 3391 692 3465; x_wconf 78' lang='lat' dir='ltr'><strong>transversosque</strong></span> <span class='ocrx_word' id='word_1_327' title='bbox 730 3385 1019 3466; x_wconf 88' lang='lat' dir='ltr'><strong>impetum</strong></span> <span class='ocrx_word' id='word_1_328' title='bbox 1060 3386 1294 3456; x_wconf 80' lang='lat' dir='ltr'><strong>darent,</strong></span> <span class='ocrx_word' id='word_1_329' title='bbox 1344 3387 1417 3446; x_wconf 83' lang='lat' dir='ltr'><strong>ad</strong></span> <span class='ocrx_word' id='word_1_330' title='bbox 1450 3387 1829 3448; x_wconf 84' lang='lat' dir='ltr'><strong>subsidiarios</strong></span> <span class='ocrx_word' id='word_1_331' title='bbox 1856 3387 2027 3479; x_wconf 75' lang='lat' dir='ltr'><strong>signa</strong></span> <span class='ocrx_word' id='word_1_332' title='bbox 2054 3409 2193 3450; x_wconf 86' lang='lat' dir='ltr'><strong>con-</strong></span> 
     </span>
     <span class='ocr_line' id='line_1_42' title="bbox 198 3463 2195 3546; baseline 0.004 -22"><span class='ocrx_word' id='word_1_333' title='bbox 198 3465 388 3524; x_wconf 80' lang='lat' dir='ltr'><strong>vertit</strong></span> <span class='ocrx_word' id='word_1_334' title='bbox 416 3485 432 3522; x_wconf 71' lang='grc' dir='ltr'><strong><em>ε</em></strong></span> <span class='ocrx_word' id='word_1_335' title='bbox 475 3465 526 3524; x_wconf 87' lang='lat' dir='ltr'><strong>si</strong></span> <span class='ocrx_word' id='word_1_336' title='bbox 553 3485 653 3524; x_wconf 90' lang='lat' dir='ltr'><strong>eos</strong></span> <span class='ocrx_word' id='word_1_337' title='bbox 681 3465 814 3525; x_wconf 90' lang='lat' dir='ltr'><strong>loco</strong></span> <span class='ocrx_word' id='word_1_338' title='bbox 839 3463 1188 3546; x_wconf 88' lang='lat' dir='ltr'><strong>depulisset,</strong></span> <span class='ocrx_word' id='word_1_339' title='bbox 1214 3465 1367 3536; x_wconf 78' lang='lat' dir='ltr'><strong>haud</strong></span> <span class='ocrx_word' id='word_1_340' title='bbox 1402 3466 1632 3536; x_wconf 63' lang='lat' dir='ltr'><strong>dubius),</strong></span> <span class='ocrx_word' id='word_1_341' title='bbox 1660 3465 1900 3526; x_wconf 85' lang='lat' dir='ltr'><strong>facilem</strong></span> <span class='ocrx_word' id='word_1_342' title='bbox 1926 3486 1989 3527; x_wconf 84' lang='lat' dir='ltr'><strong>m</strong></span> <span class='ocrx_word' id='word_1_343' title='bbox 2020 3489 2069 3530; x_wconf 87' lang='lat' dir='ltr'>ae</span> <span class='ocrx_word' id='word_1_344' title='bbox 2116 3489 2195 3530; x_wconf 89' lang='lat' dir='ltr'><strong>uo</strong></span> 
     </span>
     <span class='ocr_line' id='line_1_43' title="bbox 199 3540 2197 3624; baseline 0.002 -20"><span class='ocrx_word' id='word_1_345' title='bbox 199 3543 397 3624; x_wconf 82' lang='lat' dir='ltr'><strong>campi</strong></span> <span class='ocrx_word' id='word_1_346' title='bbox 445 3549 676 3604; x_wconf 83' lang='lat' dir='ltr'><strong>tantum</strong></span> <span class='ocrx_word' id='word_1_347' title='bbox 723 3544 1025 3624; x_wconf 83' lang='lat' dir='ltr'><strong>superanti</strong></span> <span class='ocrx_word' id='word_1_348' title='bbox 1067 3540 1438 3606; x_wconf 86' lang='lat' dir='ltr'><strong>multitudini</strong></span> <span class='ocrx_word' id='word_1_349' title='bbox 1490 3545 1799 3606; x_wconf 85' lang='lat' dir='ltr'><strong>victoriam</strong></span> <span class='ocrx_word' id='word_1_350' title='bbox 1828 3545 2003 3618; x_wconf 79' lang='lat' dir='ltr'><strong>fore3</strong></span> <span class='ocrx_word' id='word_1_351' title='bbox 2043 3569 2081 3609; x_wconf 90' lang='lat' dir='ltr'><strong>a</strong></span> <span class='ocrx_word' id='word_1_352' title='bbox 2124 3569 2197 3608; x_wconf 88' lang='lat' dir='ltr'><strong>eo</strong></span> 
     </span>
     <span class='ocr_line' id='line_1_44' title="bbox 153 3621 2193 3692; baseline 0 -9"><span class='ocrx_word' id='word_1_353' title='bbox 153 3637 325 3683; x_wconf 80' lang='lat' dir='ltr'><strong>··non</strong></span> <span class='ocrx_word' id='word_1_354' title='bbox 345 3623 583 3683; x_wconf 81' lang='lat' dir='ltr'><strong>fortuna</strong></span> <span class='ocrx_word' id='word_1_355' title='bbox 606 3621 798 3692; x_wconf 86' lang='lat' dir='ltr'><strong>modo,</strong></span> <span class='ocrx_word' id='word_1_356' title='bbox 825 3623 930 3692; x_wconf 84' lang='lat' dir='ltr'><strong>sed</strong></span> <span class='ocrx_word' id='word_1_357' title='bbox 955 3623 1108 3685; x_wconf 84' lang='lat' dir='ltr'><strong>ratio</strong></span> <span class='ocrx_word' id='word_1_358' title='bbox 1135 3623 1335 3692; x_wconf 87' lang='lat' dir='ltr'><strong>etiam,</strong></span> <span class='ocrx_word' id='word_1_359' title='bbox 1376 3640 1514 3684; x_wconf 80' lang='lat' dir='ltr'><strong>cum</strong></span> <span class='ocrx_word' id='word_1_360' title='bbox 1536 3623 1799 3684; x_wconf 85' lang='lat' dir='ltr'><strong>barbaris</strong></span> <span class='ocrx_word' id='word_1_361' title='bbox 1826 3627 2038 3686; x_wconf 84' lang='lat' dir='ltr'><strong>stabat.</strong></span> <span class='ocrx_word' id='word_1_362' title='bbox 2118 3627 2193 3684; x_wconf 86' lang='lat' dir='ltr'><strong>In</strong></span> 
     </span>
     <span class='ocr_line' id='line_1_45' title="bbox 207 3698 2187 3783; baseline 0.001 -22"><span class='ocrx_word' id='word_1_363' title='bbox 207 3703 395 3763; x_wconf 80' lang='lat' dir='ltr'><strong>altera</strong></span> <span class='ocrx_word' id='word_1_364' title='bbox 421 3704 550 3764; x_wconf 84' lang='lat' dir='ltr'><strong>acie</strong></span> <span class='ocrx_word' id='word_1_365' title='bbox 579 3701 726 3764; x_wconf 89' lang='lat' dir='ltr'><strong>nihil</strong></span> <span class='ocrx_word' id='word_1_366' title='bbox 753 3701 948 3764; x_wconf 84' lang='lat' dir='ltr'><strong>simile</strong></span> <span class='ocrx_word' id='word_1_367' title='bbox 973 3701 1279 3771; x_wconf 80' lang='lat' dir='ltr'><strong>Romanis,</strong></span> <span class='ocrx_word' id='word_1_368' title='bbox 1304 3721 1425 3762; x_wconf 89' lang='lat' dir='ltr'><strong>non</strong></span> <span class='ocrx_word' id='word_1_369' title='bbox 1451 3703 1613 3783; x_wconf 86' lang='lat' dir='ltr'><strong>apud</strong></span> <span class='ocrx_word' id='word_1_370' title='bbox 1654 3701 1859 3772; x_wconf 80' lang='lat' dir='ltr'><strong>duces,</strong></span> <span class='ocrx_word' id='word_1_371' title='bbox 1885 3723 2005 3763; x_wconf 87' lang='lat' dir='ltr'><strong>non</strong></span> <span class='ocrx_word' id='word_1_372' title='bbox 2031 3698 2187 3779; x_wconf 81' lang='lat' dir='ltr'><strong>apud</strong></span> 
     </span>
    </p>
   </div>
   <div class='ocr_carea' id='block_1_7' title="bbox 932 3783 2369 4074">
    <p class='ocr_par' dir='ltr' id='par_1_8' title="bbox 932 3783 2369 4074">
     <span class='ocr_line' id='line_1_46' title="bbox 932 3783 2369 4074; baseline 0.001 -1"><span class='ocrx_word' id='word_1_373' title='bbox 932 3783 986 3842; x_wconf 52' lang='lat' dir='ltr'>Y</span> <span class='ocrx_word' id='word_1_374' title='bbox 2066 3935 2369 4074; x_wconf 31' lang='lat' dir='ltr'><strong>m„41</strong></span> 
     </span>
    </p>
   </div>
  </div>
 </body>
</html>
