2400 4109
219 144 342 206 m
367 112 375 120 ’
1053 143 1132 206 ¹1¹.
1158 143 1375 206 mvn

215 309 324 370 ⁸²¹²
365 325 724 386 quemquam
761 305 1049 374 Deorum,
1087 303 1196 364 sed
1234 303 1341 364 hos
1382 302 1572 366 duces
1612 309 2017 368 accusantem.
2106 298 2235 366 Ρη

217 396 382 448 certo
403 405 470 446 se
495 385 730 454 habere,
755 383 1054 446 neminem
1091 383 1153 442 in
1175 383 1461 446 concione
1490 391 1669 455 stare,
1707 386 1810 464 qui
1837 387 1943 446 illo
1969 386 2076 446 die
2105 403 2235 444 non

217 473 417 546 caput,
465 467 704 526 domum
747 465 1131 544 fortunasque
1186 465 1262 522 L.
1288 463 1545 546 Virginii
1570 487 1643 526 ac
1672 467 1764 526 M.
1787 466 1983 547 'Sergii
2010 466 2101 526 sit
2130 485 2240 528 ex-

215 552 483 607 sacratus
535 545 1007 623 detestatusque.
1089 543 1345 604 Minime
1380 546 1719 615 convenire,
1778 547 1991 626 quibus
2040 547 2240 606 iratos
2351 565 2352 630 ζ

213 624 468 706 quisque
498 628 656 689 Deos
677 631 954 706 precatus
995 624 1093 694 sit,
1134 624 1200 684 in
1235 624 1311 684 iis
1333 631 1443 684 sua
1469 632 1785 704 potestate,
1812 647 1993 706 quum
2031 626 2243 688 liceat
2351 637 2352 646 ³

213 712 277 766 et
303 711 588 787 oporteat,
629 726 744 766 non
772 704 880 764 uti.
960 705 1293 784 Nunquam
1341 707 1503 765 Deos
1548 706 1714 786 ipsos
1752 706 2077 766 admovere
2124 727 2238 767 no-

215 788 488 848 centibus
529 805 740 846 manus
768 805 787 856 ;
829 783 976 846 satis
1025 804 1178 855 esse,
1232 785 1282 845 si
1324 784 1633 848 occasione
1680 787 2015 848 ulciscendi
2043 787 2237 850 laesos
2351 863 2352 872 ἶ

214 868 512 930 arment.”

295 947 440 1006 XII.
478 945 596 1008 His
639 944 1003 1008 orationibus
1050 943 1299 1005 incitata
1339 945 1509 1025 plebs
1562 945 1739 1008 denis
1779 945 2045 1008 millibus
2094 946 2241 1008 aeris

217 1026 416 1108 gravis
462 1045 596 1084 reos
639 1026 1020 1094 condemnat,
1071 1025 1471 1104 nequicquam
1516 1025 1723 1106 Sergio
1750 1027 2016 1090 Martem
2066 1048 2238 1088 com-
2351 1027 2352 1030 ’

213 1125 456 1166 munem
485 1106 628 1166 belli
671 1105 1090 1183 fortunamque
1134 1111 1479 1174 accusante,
1517 1105 1789 1186 Virginio
1836 1107 2241 1187 deprecante,
2351 1111 2352 1114 ’

216 1205 293 1246 ne
341 1185 638 1246 infelicior
665 1186 843 1255 domi,
891 1187 1070 1265 quam
1120 1183 1373 1254 militiae,
1426 1191 1604 1246 esset.
1686 1187 1760 1248 In
1786 1186 1891 1246 hos
1920 1193 2101 1248 versa
2144 1189 2239 1248 ira

257 1265 440 1346 opuli,
469 1266 866 1347 cooptationis
919 1264 1289 1324 tribunorum
1341 1264 1710 1344 fraudisque,
1769 1275 1979 1326 contra
2027 1268 2235 1360 legem
2351 1263 2352 1280 ¹

279 1346 580 1418 reboniam
605 1345 804 1415 factae‚
851 1343 1192 1405 memoriam
1224 1345 1532 1404 obscuram
1560 1343 1723 1406 fecit.
1804 1347 2098 1408 Victores
2122 1357 2237 1408 tn·

215 1427 380 1496 huni,
401 1434 472 1485 ut
497 1430 856 1507 praesentem
883 1423 1219 1484 mercedem
1254 1422 1470 1502 judicii
1496 1425 1701 1504 plebes
1738 1426 2000 1496 haberet,
2029 1428 2233 1510 legem

217 1505 507 1588 agrariam
567 1505 960 1586 promulgant,
1065 1503 1475 1582 tributumque
1540 1504 1799 1566 conferri
1863 1507 2185 1588 prohibent
2214 1528 2234 1566 ι
2296 1535 2301 1542 ·
2351 1509 2352 1540 ³

220 1607 406 1666 quum
427 1593 516 1646 tot
537 1584 896 1646 exercitibus
923 1582 1222 1664 stipendio
1248 1602 1397 1663 opus
1436 1589 1610 1654 esset,
1629 1605 1843 1664 resque
1872 1587 2109 1648 militiae
2143 1589 2233 1650 ita

217 1667 498 1747 prospere
555 1671 921 1747 gererentur,
979 1669 1049 1724 ut
1093 1664 1259 1724 nullo
1304 1661 1469 1724 'bello
1511 1664 1818 1725 veniretur
1870 1667 1946 1726 ad
1993 1667 2230 1729 exitum

215 1746 393 1826 spei3
435 1766 696 1825 namque
742 1745 910 1824 Vejis
960 1750 1172 1814 castra,
1227 1763 1361 1822 quae
1392 1743 1849 1818 amissffierant,
1865 1755 2229 1825 recuperata

219 1824 487 1886 castellis
503 1823 775 1904 praesidii
843 1844 920 1883 ue
941 1823 1272 1883 firmantur.
1354 1823 1664 1884 Praeerant
1708 1824 1933 1885 tribuni
1959 1827 2229 1889 militum

215 1904 308 1968 M.
339 1904 626 1964 AEmilius
673 1910 736 1964 et
845 1945 860 1961 .
909 1902 1145 1962 Fabius.
1227 1901 1319 1960 M.
1347 1901 1527 1961 Furio
1573 1902 1637 1964 in
1680 1903 1953 1974 Faliscis,
2002 1911 2064 1966 et
2108 1909 2227 1968 Cn.

221 1983 501 2046 Cornelio
543 1982 606 2044 in
633 1984 942 2063 Capenate
969 2001 1110 2062 agro
1136 1981 1339 2046 hostes
1382 1981 1535 2041 nulli
1562 1989 1733 2044 extra
1759 1984 1984 2050 moenia
2009 1985 2231 2048 iuven-⁵

219 2066 308 2129 ti:
349 2063 572 2146 praedae
615 2070 794 2133 actae,
845 2061 1261 2140 incendiisque
1308 2059 1585 2122 villarum
1634 2083 1705 2124 ac
1732 2063 1971 2144 frugum
1999 2067 2228 2127 vastati

217 2147 409 2208 fines:
449 2143 668 2225 oppida
691 2149 1050 2224 oppugnata,
1090 2161 1202 2202 nec
1232 2143 1473 2202 obsessa
1500 2147 1659 2202 sunt.
1740 2145 1829 2206 At
1853 2145 1917 2203 in
1960 2143 2228 2217 VolsciS,

219 2225 579 2307 depopulato
605 2243 764 2306 agro,
818 2225 1030 2282 Anxur
1057 2220 1454 2314 nequicquam
1490 2242 1643 2302 oppu
1687 2227 1912 2293 natum,
1938 2223 2071 2286 loco
2096 2227 2225 2288 alto

219 2307 444 2376 situm3
485 2311 566 2374 et,
612 2310 924 2394 postquam
959 2301 1050 2364 vis
1077 2301 1114 2361 i:
1133 2307 1247 2362 rita
1290 2308 1437 2370 erat,
1463 2303 1621 2361 vallo
1674 2322 1929 2383 ossaque
1956 2304 2222 2366 obsideri

223 2393 507 2465 coeptum.
588 2384 830 2442 Valerio
857 2381 1056 2442 Potito
1100 2381 1309 2442 Volsci
1332 2381 1640 2462 provincia
1684 2390 1987 2444 evenerat.
2070 2386 2219 2448 Hoc

221 2474 383 2526 statu
429 2463 769 2524 militarium
798 2481 1013 2531 rerum,
1061 2460 1277 2522 seditio
1302 2461 1591 2523 intestina
1614 2464 1837 2542 majore
1862 2465 2019 2526 mole
2052 2485 2223 2527 coor-

221 2553 304 2614 ta,
357 2545 536 2623 quam
583 2540 742 2604 bella
781 2544 1239 2612 tractabantur3
1282 2547 1363 2610 et,
1398 2561 1581 2620 quum
1624 2542 1913 2603 tributum
1958 2544 2222 2610 conferri

221 2646 330 2706 per
355 2623 622 2682 tribunos
650 2641 768 2681 non
798 2627 1019 2702 posset,
1067 2639 1180 2680 nec
1211 2620 1586 2700 stipendium*
1604 2621 2055 2702 imperatoribus
2080 2626 2224 2686 mit-

219 2709 467 2770 teretur,
498 2721 737 2779 aeraque
765 2698 1042 2760 militaria
1070 2697 1366 2779 flagitaret
1393 2701 1583 2770 mileS,
1631 2701 1790 2762 haud
1832 2704 2040 2784 procul
2069 2711 2223 2778 erat,

221 2783 367 2864 quin
397 2786 591 2842 castra
616 2801 855 2860 quoque
882 2782 1123 2840 urbanae
1148 2778 1459 2838 seditionis
1509 2781 1861 2863 contagione
1908 2785 2221 2844 turbaren-

219 2871 339 2926 tur.
421 2863 591 2922 Inter
639 2861 744 2921 has
773 2862 892 2920 iras
919 2859 1110 2939 plebis
1151 2859 1214 2920 in
1258 2861 1486 2930 Patres,
1530 2881 1715 2940 quum
1762 2861 1987 2922 tribuni
2027 2865 2227 2944 plebis

219 2966 382 3008 nunc
409 2942 563 3002 illud
611 2949 845 3022 tempus
893 2961 1023 3002 esse
1071 2941 1344 3000 dicerent
1384 2941 1760 3019 stabiliendae
1804 2942 2117 3013 libertatis,
2162 2952 2224 3009 et

221 3030 296 3089 ab
325 3023 546 3104 Sergiis
581 3021 985 3104 Virginiisque
1013 3022 1086 3081 ad
1133 3021 1393 3101 plebeios
1420 3020 1577 3080 viros
1614 3021 1800 3082 fortes
1842 3042 1912 3082 ac
1942 3029 2221 3086 strenuos

223 3102 628 3168 transferendi
682 3103 894 3162 summi
937 3101 1223 3170 honoris3
1264 3121 1382 3163 non
1430 3106 1631 3160 tamen
1675 3101 1836 3162 ultra
1877 3123 2225 3182 processum

219 3193 333 3257 est,
360 3185 537 3264 qu-Em
577 3189 646 3242 ut
671 3202 826 3241 unus
849 3201 922 3240 ex
958 3181 1150 3260 plebe,
1197 3181 1521 3259 usurpandi
1540 3181 1696 3261 juris
1725 3189 1924 3253 caus-a,
1952 3183 2021 3242 P.
2048 3185 2220 3252 Lici·
2284 3192 2287 3194 ’

217 3268 356 3329 nius
385 3264 608 3324 Calvus
630 3263 901 3322 tribunus
929 3261 1178 3320 militum
1214 3261 1511 3322 consulari
1534 3265 1824 3340 potestate
1868 3269 2175 3324 crearetur
2202 3287 2221 3324 ι

220 3347 404 3408 ceteri
432 3342 668 3424 patricii
703 3345 887 3402 creati
914 3343 980 3399 P.
1004 3341 1291 3421 ManiuS,
1320 3342 1394 3399 L.
1422 3341 1706 3411 Titinius,
1747 3343 1811 3400 P.
1840 3341 2111 3412 Maelius,
2138 3343 2217 3408 L.

221 3426 438 3484 Furius
477 3422 892 3490 Medullinus„
919 3423 990 3479 L.
1019 3421 1310 3479 Publilius
1333 3419 1609 3480 Volscus.
1690 3423 1831 3502 Ipsa
1876 3423 2075 3502 plebes
2104 3425 2217 3484 mi-

215 3505 474 3570 rabatur,
501 3523 566 3562 se
588 3508 814 3562 tantam
839 3520 968 3560 rem
996 3500 1321 3559 obtinuisse
1342 3520 1361 3569 3
1403 3519 1521 3559 non
1549 3499 1599 3560 is
1622 3503 1816 3571 modo,
1844 3504 1947 3581 qui
1972 3509 2215 3566 creatus

217 3587 364 3645 erat,
418 3581 509 3636 vir
536 3581 720 3641 nullis
759 3585 898 3642 ante
924 3579 1255 3647 >honoribus
1282 3598 1443 3649 usus,
1492 3587 1662 3638 vetus
1690 3588 1921 3642 tantum
1954 3589 2214 3656 senator,

216 3660 278 3742 et
297 3662 474 3742 ietate
491 3660 618 3734 jam
660 3661 876 3739 gravisi.
957 3661 1091 3720 Nec
1135 3660 1281 3718 satis
1308 3665 1559 3728 constat,
1588 3679 1696 3725 cur
1722 3661 1945 3741 primus
1986 3681 2058 3720 ac
2102 3683 2211 3743 po·

213 3733 479 3798 {assumus
527 3735 604 3804 ud
652 3757 874 3810 novum
899 3739 1285 3829 delibandum
1312 3738 1700 3810 honorem.sit
1741 3740 1995 3812 habitus.
2077 3743 2209 3813 Ali

287 4045 552 4074 Q-
