2400 4109
896 170 900 193 ·
993 149 1255 240 mssa
1271 151 1349 212 v.
1533 245 1536 248 .
2048 159 2172 225 ses

167 327 246 371 ne
273 309 531 372 nuncius
557 308 800 389 quidem
825 306 1016 370 cladis
1035 307 1302 371 relictus.
1382 309 1677 382 Dictator,
1716 317 2073 394 recuperata
2091 326 2175 376 v'ex

68 433 133 514 ι
169 391 438 528 'mitibus
465 389 678 471 patria,
727 387 1097 481 triumphans
1137 388 1202 448 in
1228 391 1432 450 urbem
1462 389 1617 451 redit
1645 410 1662 450 ε
1702 389 1979 472 interque
2005 394 2177 472 jocos

167 489 250 530 mi
302 475 480 540 tates,
507 478 656 548 quos
681 467 1020 530 inconditos
1037 467 1294 547 jaciunt,
1319 469 1611 530 Romulus
1674 491 1709 530 c
1734 491 1948 551 parens
1964 472 2175 552 patriae

168 549 565 641 conditorque
592 548 745 608 alter
769 547 932 608 urbis
957 547 1117 608 baud
1143 547 1315 608 vanis
1342 548 1618 614 laudibus
1684 550 1997 630 ppellatur.
2040 553 2181 614 Ser·
2338 545 2367 590 ¹

168 635 371 690 vatam
393 627 613 690 demde
639 627 797 688 bello
838 625 1098 720 patriam
1125 625 1343 688 iterum
1368 611 1434 689 Β
1473 649 1623 709 pace
1646 629 1809 690 haud
1834 628 2013 690 dubie
2054 651 2181 691 ser-

166 709 355 777 vavit,
382 727 566 789 quum
588 706 885 787 prohibuit
907 705 1144 787 migrari
1166 707 1371 786 Vejos,
1413 713 1479 768 et
1500 707 1755 769 tribunis
1777 729 1905 770 rem
1930 709 2181 770 intenti-

171 791 248 849 us
274 787 589 869 agentibus
615 791 752 866 post
774 785 1084 848 incensam
1113 787 1338 855 urbem,
1390 793 1453 846 et
1477 807 1583 868 per
1718 787 2009 850 inclinata
2054 809 2182 851 ma·

167 868 262 952 gis
301 869 478 948 plebe
505 865 584 928 ad
621 865 685 924 id
714 863 1027 926 consilium
1055 883 1076 935 3
1118 883 1309 943 eaque
1336 885 1516 926 causa
1540 866 1624 927 fu'
1724 887 1800 928 on
1827 867 2178 930 abdicandae
2292 880 2295 882 ’

164 952 310 1030 post
333 945 697 1025 triumphum
724 943 1061 1012 dictaturae,
1089 948 1302 1004 senatu
1328 946 1695 1017 obsecrante,
1722 966 1818 1020 ¹ne
1858 948 2182 1027 rempubli-

168 1042 308 1088 cam
329 1026 402 1086 in*
417 1025 648 1085 incerto
675 1022 1040 1102 relinqueret
1065 1027 1247 1082 statu.

251 1107 329 1166 L.
370 1103 647 1165 Omnium
699 1102 976 1182 primum,
1021 1108 1094 1162 ut
1131 1107 1262 1161 erat
1301 1099 1790 1182 diligentissimus
1828 1106 2181 1189 religionum

155 1186 387 1254 cultor,
403 1201 540 1264 quae
570 1181 649 1243 ad
675 1184 836 1243 Deos
876 1181 1240 1240 immortales
1268 1183 1661 1259 pertinebant,
1702 1184 1948 1255 retulit3
1989 1193 2053 1246 et
2088 1207 2183 1248 se·

119 1263 693 1367 statuseonsultum
722 1260 887 1329 facit,
913 1271 950 1297 ‘⁶
966 1260 1130 1328 Fana
1156 1260 1371 1329 omnia,
1393 1261 1555 1338 qued
1564 1282 1655 1321 eea
1678 1262 1867 1322 hostis
1882 1265 2183 1344 possedis-

169 1352 286 1414 set,
315 1342 694 1406 restituerent
804 1339 1289 1408 terminarentur,
1335 1339 1855 1422 expiarenturque,
1894 1344 2183 1424 expiatio·

167 1444 294 1504 que
337 1441 540 1484 eorum
581 1419 649 1479 in
674 1358 840 1479 lssis
864 1439 973 1498 per
1001 1417 1345 1478 duumviros
1372 1427 1760 1519 quaereretur.
1841 1422 1999 1482 Cum
2040 1425 2191 1486 Cae-²

167 1503 403 1564 retibus
447 1499 763 1581 hospitium
803 1498 1038 1578 publice
1067 1498 1257 1566 fieret,
1311 1499 1473 1589 quod
1502 1519 1671 1562 saera
1697 1501 1901 1580 populi
1928 1502 2183 1564 Romani

168 1603 247 1644 ac
299 1581 641 1642 sacerdotes
667 1596 807 1643 rece
849 1577 1056 1646 issent,
1095 1578 1505 1716 benpffiioque
1532 1581 1661 1658 ejus
1687 1580 1891 1659 populi
1908 1617 1911 1622 v
1930 1601 2050 1642 non
2091 1582 2187 1642 in·

165 1661 488 1723 termissus
532 1659 716 1719 honos
874 1663 976 1715 fim
1026 1655 1207 1715 immo
1324 1676 1448 1735 ium
1513 1664 1714 1718 esset=
1753 1659 1883 1742 ludi
1936 1659 2183 1741 Capito-

168 1741 289 1802 lini
342 1740 574 1808 fierent,
625 1736 789 1817 quod
839 1735 1042 1816 Jupite
1157 1737 1401 1816 ptimus‘*
1430 1737 1726 1798 maximus
1770 1758 1937 1800 suam
1980 1741 2200 1801 sedem.

168 1828 362 1899 atque
387 1837 585 1878 arcem
647 1815 810 1896 epuli
830 1752 1171 1875 Romani'ii
1197 1835 1265 1875 re
1292 1815 1525 1895 trepida
1550 1821 1782 1878 tutatus
1816 1826 1975 1882 esset
2001 1840 2019 1878 ι
2060 1819 2185 1880 ml-

167 1900 516 1991 legiumque
563 1838 646 1956 ag
669 1915 800 1955 eam
825 1915 950 1955 rem
1002 1893 1092 1954 Μ.
1121 1895 1339 1955 Furius
1386 1894 1640 1958 dictator
1666 1897 2057 1976 constitueret
2109 1918 2185 1959 ex

163 1979 268 2048 iis„
297 1977 490 2056 quim
519 1973 814 2055 Capitolio
841 1983 1022 2053 atque
1044 1995 1181 2035 arce
1212 1975 1606 2038 habitarent.”
1646 1977 1741 2036 Ex
1782 1977 1983 2038 iandse
2001 1977 2185 2038 etiam

170 2058 344 2118 vocis
397 2061 727 2123 nocturnae,
779 2073 912 2134 quse
959 2053 1182 2114 nuncia
1229 2053 1416 2114 cladis
1465 2061 1605 2114 ante
1633 2055 1729 2114 bel
1756 2075 1855 2114 um
1884 2055 2186 2117 Gallicum

169 2137 386 2200 audita
431 2153 508 2194 ne
549 2135 826 2212 lectaque
875 2138 1054 2202 esset,
1117 2133 1342 2192 mentio
1410 2132 1598 2202 illata,
1631 2137 1988 2214 jussumque
2029 2143 2189 2196 tem-

167 2217 344 2299 plum
371 2215 434 2276 in
529 2233 640 2273 ova
683 2213 781 2274 via
822 2213 941 2293 Ajo
969 2213 1221 2272 Locutio
1269 2211 1419 2271 fieri.
1500 2214 1751 2282 Aurum,
1798 2215 1959 2292 quod
1987 2214 2185 2276 Gallis

172 2302 452 2376 ereptum
479 2300 626 2362 erat,
678 2292 958 2371 quodque
1000 2311 1076 2353 ex
1101 2290 1235 2352 aliis
1262 2291 1501 2372 templis
1546 2293 1705 2352 inter
1732 2294 2186 2373 trepidationem

169 2377 243 2436 in
295 2377 331 2436 J
333 2375 462 2435 ovis
514 2373 731 2432 cellam
767 2371 1071 2440 collatum
1117 2390 1321 2451 quum,
1366 2371 1431 2429 in
1457 2391 1594 2450 quse
1623 2371 1830 2431 referri
1866 2381 2183 2454 oporteret,

174 2454 434 2516 confusa
459 2451 742 2513 memoria
767 2456 945 2519 esset,
973 2469 1207 2513 sacrum
1236 2469 1407 2510 omne
1425 2449 1559 2529 jud’
1792 2459 1855 2512 et
1881 2456 1991 2513 sub
2021 2453 2155 2514 Jovi

176 2534 334 2596 sella
357 2531 494 2614 poni
527 2534 782 2612 jussum.
861 2532 996 2590 Jam
1043 2531 1181 2591 ante
1208 2529 1271 2590 in
1300 2549 1370 2590 eo
1382 2456 1903 2670 ffltafis
1930 2474 2367 2662 apparui-”32¹³

177 2620 330 2684 erat,
355 2612 540 2691 qued,
567 2629 749 2689 quum
791 2609 852 2669 in
882 2610 1119 2690 publico
1146 2609 1385 2670 deesset
1574 2629 1651 2677 m,
1698 2629 1773 2670 ex
1798 2631 1919 2689 quo
1954 2631 2186 2674 summa

175 2699 371 2774 pactae
402 2689 695 2752 mercedis
721 2689 912 2750 Gallis
934 2690 1238 2761 confieret,
1287 2689 1323 2748 εἴ
1348 2687 1632 2750 matronis
1681 2690 1964 2751 collatum
2013 2713 2189 2752 acce-

256 2777 411 2841 rant,
438 2777 509 2833 ut
550 2789 718 2829 sacro
744 2789 888 2829 auro
915 2770 1332 2830 abstineretur.
1410 2767 1709 2829 Matronis
1758 2771 1969 2850 gratiae
2010 2777 2190 2842 actae,

221 2871 486 2930 onosque
513 2849 772 2918 additus,
807 2854 878 2908 ut
902 2869 1124 2918 earum,
1169 2847 1329 2908 sicut
1346 2847 1626 2916 virorum,
1650 2855 1789 2926 post
1814 2855 2063 2910 mortem
2092 2870 2189 2913 so-

175 2931 384 2992 lennis
411 2929 672 2990 laudatio
699 2933 877 2988 esset.
918 2927 1002 2986 Iis
1030 2927 1311 3008 peractis,
1336 2945 1473 3008 quse
1501 2927 1577 2987 ad
1606 2928 1767 2988 Deos
1791 2929 2191 3009 pertinebant,

175 3012 444 3090 quaeq'ue
464 3028 571 3088 per
592 3011 866 3067 senatum
893 3007 988 3087 agi
1009 3011 1283 3148 ΨΜ
1310 3025 1328 3075 ;
1366 3012 1495 3066 tum
1522 3006 1781 3076 demum,
1831 3007 2189 3087 agitantibus

172 3089 438 3150 tribunis
464 3089 694 3168 plebem
725 3086 982 3147 assiduis
1023 3107 1056 3145 c
1135 3083 1424 3155 cidhibus,
1466 3091 1555 3155 ut,
1594 3085 1822 3146 relictis
1864 3086 2073 3158 ruinis,
2124 3088 2190 3148 in

173 3172 386 3230 urbem
405 3172 674 3249 paratam
701 3164 885 3245 Vejos
911 3163 1417 3263 transmigrat-‘enm
1437 3163 1501 3225 in
1524 3165 1889 3236 concionem,
1908 3167 2192 3229 universo

173 3255 395 3310 senatu
424 3252 842 3327 prosequente,
867 3243 1140 3306 escendit
1165 3252 1348 3325 atque
1372 3244 1459 3304 ita
1484 3249 1665 3305 verba
1690 3245 1837 3305 fecit
1862 3265 1880 3304 ε

255 3329 372 3388 LI.
411 3338 449 3364 “
474 3326 645 3386 Adeo
671 3324 814 3385 mihi
843 3326 1073 3387 acerbae
1113 3329 1272 3393 sunt,
1300 3323 1580 3398 Quirites,
1610 3325 2024 3385 contentiones
2052 3345 2189 3386 cum

171 3405 439 3468 tribunis
468 3405 674 3485 plebis,
701 3411 772 3464 ut
791 3415 908 3464 ‘nec
935 3402 1261 3464 tristissimi
1288 3401 1481 3464 exsilii
1507 3403 1787 3465 solatium
1814 3403 1979 3464 aliud
2005 3405 2191 3466 habu-

176 3489 349 3556 erim,
376 3484 578 3564 quoad
619 3483 843 3544 Ardeae
871 3481 1012 3553 vixi,
1051 3483 1233 3562 quam
1259 3482 1421 3562 quod
1461 3484 1668 3562 procul
1693 3486 1770 3544 ab
1795 3483 1886 3542 his
1914 3485 2193 3546 certami-

173 3568 355 3628 nibus
411 3584 569 3624 eram
593 3584 610 3622 ε
678 3568 740 3624 et
779 3563 854 3623 ob
891 3563 1100 3623 eadem
1152 3563 1307 3633 haec,
1367 3581 1507 3631 non,
1568 3561 1619 3621 si
1660 3581 1755 3620 me
1803 3567 2193 3625 senatuscon-

177 3647 339 3706 sulto
367 3637 696 3724 populique
712 3643 886 3721 jussu
913 3641 1291 3712 revocaretis,
1340 3640 1643 3702 rediturus
1669 3661 1931 3720 unquam
1960 3642 2189 3704 fuerim.

174 3725 315 3785 Nec
341 3743 507 3784 nunc
530 3741 643 3789 me,
667 3728 738 3780 ut
763 3719 1036 3789 redirem,
1088 3741 1223 3781 mea
1250 3719 1526 3785 voluntas
1553 3725 1798 3790 mutata,
1846 3721 1954 3782 sed
1993 3726 2190 3779 vestra

179 3805 426 3867 fortuna
447 3798 710 3884 perpulit
736 3819 757 3872 3
795 3799 1034 3881 quippe,
1073 3799 1233 3865 utin
1260 3818 1373 3863 sua
1399 3798 1543 3861 sede
1570 3805 1840 3865 maneret
1864 3798 2073 3883 patria.
2121 3795 2184 3854 id

1922 4082 2062 4096 ...-„-1-.
2076 4075 2113 4092 ff
