2400 4109
171 145 292 200 248
1013 133 1094 192 Τ.
1123 125 1337 196 LIVII

171 319 296 358 suae
325 297 532 388 gloriae
581 290 692 352 sibi
737 290 893 350 inter
937 288 1375 350 dimicationem
1432 287 1643 368 patriae
1692 285 2032 352 meminisse
2084 289 2173 350 sit

167 378 282 445 fas,
307 375 420 435 sibi
445 372 704 450 amplum
733 390 966 461 quoque
993 389 1143 437 esse,
1191 371 1395 429 urbem
1424 371 1497 428 ab
1525 388 1589 427 se
1618 373 1849 448 captam
1879 368 2167 446 frequen-

169 456 302 522 tari,
349 450 616 530 quotidie
663 470 729 509 se
776 449 894 507 frui
920 454 1301 508 monumento
1338 447 1541 528 gloriae
1570 467 1717 516 suae,
1758 453 1822 506 et
1846 452 1987 507 ante
2014 467 2161 506 ocu-

170 535 259 592 los
285 531 497 592 habere
525 533 729 590 urbem
765 529 950 588 latam
990 527 1054 586 in
1102 527 1401 607 triumpho
1448 547 1573 596 suo,
1627 527 1903 587 insistere
1950 546 2162 586 omnes

167 612 436 690 vestigiis
485 609 731 669 laudum
759 625 991 666 suarum
1025 627 1042 674 3
1083 607 1192 666 sed
1248 606 1415 666 nefas
1456 607 1695 674 ducere,
1743 605 2039 666 desertam
2082 625 2157 664 ac

165 691 437 752 relictam
457 692 530 749 ab
556 687 686 748 Diis
712 685 1138 744 immortalibus
1185 685 1369 746 incoli
1408 688 1609 745 urbem
1642 705 1660 754 3
1702 691 1766 744 et
1814 685 1877 743 in
1919 685 2161 764 captivo

167 773 294 832 solo
322 769 585 830 habitare
611 764 894 846 populum
921 765 1276 832 Romanum,
1328 770 1389 824 et
1438 765 1685 825 victrice
1710 763 1911 843 patria,
1932 763 2159 824 victam

166 845 446 910 inutari.”
529 844 642 904 His
665 843 1166 904 adhortationibus
1194 843 1477 924 principis
1505 843 1790 904 concitati
1812 843 2039 910 Patres,
2063 863 2161 904 se-

165 949 274 990 nes
291 931 684 1006 juvenesque,
731 943 915 1000 quum
944 923 1197 982 ferretur
1224 925 1339 992 lex,
1386 923 1620 1002 agmine
1663 921 1823 982 facto
1853 922 1915 980 in
1962 923 2158 982 forum

165 1011 501 1068 venerunt:
581 1001 972 1081 dissipatique
1015 1022 1120 1082 per
1160 1003 1365 1070 tribuS,
1433 1021 1571 1061 suos
1612 1001 1867 1080 quisque
1907 1001 2155 1062 tribules

165 1090 534 1167 prensantem,
559 1102 887 1158 ,orare-cum
915 1080 1174 1140 lacrimis
1203 1101 1455 1162 coepere.
1535 1092 1571 1117 “
1596 1081 1693 1139 Ne
1721 1101 1851 1140 eam
1884 1080 2157 1160 patriam,

164 1185 272 1246 pro
320 1183 440 1242 qua
484 1161 804 1221 fortissime
851 1159 1307 1238 felicissimeque
1336 1161 1450 1242 ipsi
1490 1180 1559 1219 ac
1604 1166 1803 1239 patres
1832 1180 2032 1220 eorum
2059 1158 2155 1218 di-

164 1243 508 1310 micassent,
562 1241 969 1307 desererent,”
1013 1240 1391 1318 Capitolium,
1447 1239 1641 1299 sedem
1668 1240 1893 1309 Vestae,
1953 1246 2154 1299 cetera

157 1323 323 1382 circa
374 1320 900 1399 templaJDeorum
940 1323 1328 1387 ostentantes,
1409 1319 1561 1378 “Ne
1608 1319 1893 1386 exsulem,
1946 1324 2144 1378 extor-

164 1423 287 1462 rem
315 1401 598 1480 populum
629 1399 960 1457 Romanum
1005 1400 1077 1456 ab
1106 1397 1232 1456 solo
1274 1397 1467 1478 patrio
1494 1418 1565 1458 ac
1592 1397 1707 1456 diis
1732 1398 2049 1478 pena-tibus
2088 1397 2151 1456 in

161 1481 418 1540 hostium
447 1481 646 1537 urbem
691 1483 980 1556 agerent3
1023 1477 1215 1552 eoque
1257 1497 1382 1536 rem
1408 1477 1794 1547 adducerent,
1842 1483 1910 1536 ut
1936 1476 2150 1537 melius

163 1559 362 1627 fuerit,
417 1577 536 1616 non
579 1556 710 1632 capi
737 1555 937 1633 VejOS,
983 1575 1059 1614 ne
1103 1556 1291 1614 Roma
1318 1555 1753 1614 desereretur.”
1836 1556 1988 1629 Quia
2029 1575 2149 1614 non

163 1639 224 1698 vi
252 1640 518 1718 agebant,
567 1635 671 1694 sed
720 1633 1010 1713 precibus,
1063 1639 1124 1692 et
1170 1633 1329 1692 inter
1381 1655 1590 1713 preces
1642 1635 1832 1694 multa
1884 1637 2044 1694 Deor
2088 1655 2149 1693 m

162 1718 384 1777 mentio
437 1719 581 1782 erat,
629 1712 964 1804 religiosum
1010 1713 1165 1792 parti
1232 1713 1503 1772 maximae
1544 1713 1676 1782 fuit,
1705 1719 1768 1774 et
1807 1715 1997 1793 legem
2025 1655 2149 1774 nilne.

162 1795 362 1877 plures
410 1793 595 1851 tribus
642 1797 1050 1869 antiqua-runt,
1113 1793 1292 1870 quam
1332 1795 1663 1872 jusserunt.
1744 1794 2035 1870 Adeoque
2077 1813 2149 1853 ea

163 1873 412 1934 victoria
433 1872 576 1930 laeta
601 1869 872 1928 Patribus
895 1870 1026 1938 fuit,
1068 1877 1136 1929 ut
1164 1877 1395 1950 postero
1422 1871 1536 1941 die,
1583 1871 1974 1931 referentibus
2004 1891 2145 1930 con-

165 1952 410 2019 sulibuS,
438 1949 1019 2010 senatusconsultum
1067 1947 1255 2018 fieret,
1294 1956 1363 2009 ut
1389 1951 1513 2030 agri
1538 1951 1861 2029 Vejentani
1900 1957 2149 2029 septena

151 2034 367 2112 jugera
391 2028 549 2121 plebi
578 2027 984 2088 dividerentur
1011 2047 1030 2097 3
1071 2047 1186 2087 nec
1213 2029 1475 2108 patribus
1495 2028 1736 2089 familiae
1758 2032 2012 2098 tantum,
2035 2030 2145 2089 sed

163 2117 231 2170 ut
252 2130 512 2171 omnium
541 2107 600 2167 in
630 2107 801 2167 domo
830 2107 1145 2166 liberorum
1167 2109 1429 2188 capitum
1456 2109 1605 2170 ratio
1632 2110 1944 2169 haberetur
1970 2129 1988 2179 3
2015 2109 2149 2169 vel-
2230 2187 2241 2192 ι

161 2190 407 2266 lentque
434 2189 497 2246 in
525 2207 654 2246 eam
683 2207 847 2265 spem
873 2186 1088 2245 liberos
1117 2187 1345 2246 tollere.

245 2269 470 2327 XXXI.
509 2268 599 2325 Eo
643 2285 888 2324 munere
943 2265 1209 2324 delenita
1260 2267 1449 2346 plebe,
1491 2266 1635 2326 nihil
1690 2273 1982 2328 certatum
2036 2274 2150 2338 est,

163 2367 283 2426 quo
310 2347 510 2405 minus
558 2343 893 2404 consularia
939 2344 1180 2406 comitia
1226 2345 1583 2406 haberentur
1610 2366 1627 2416 3
1657 2348 1841 2406 creati
1870 2347 2149 2407 consules

160 2426 238 2486 L.
288 2425 562 2484 Valerius
609 2423 860 2491 Potitus,
913 2423 1003 2481 M.
1051 2424 1339 2492 Manlius,
1409 2426 1504 2484 cui
1554 2425 1889 2506 Capitolino
1937 2433 2148 2504 postea

163 2505 339 2569 etiam
386 2503 500 2563 fuit
541 2521 880 2581 cognomen.
961 2501 1045 2560 Hi
1100 2505 1374 2563 consules
1416 2525 1658 2584 magnos
1704 2505 1877 2564 ludos
1929 2505 2148 2575 secere,

159 2603 310 2663 quos
338 2584 428 2640 M.
459 2582 672 2639 Furius
699 2581 955 2638 dictator
987 2589 1232 2641 voverat
1262 2583 1499 2661 VeJenti
1525 2585 1700 2662 bello.
1779 2583 2008 2644 Eodem
2036 2605 2148 2644 an-

162 2683 240 2722 no
280 2661 438 2719 aedes
485 2660 518 2718 J
527 2658 736 2717 unonis
788 2656 1054 2738 Reginae,
1107 2663 1181 2719 ab
1229 2661 1437 2720 eodem
1489 2662 1777 2724 dictatore
1818 2665 2153 2742 eodemque

159 2741 318 2800 bello
343 2744 499 2806 vota,
547 2737 894 2796 dedicatur:
937 2738 1411 2818 celebratamque
1452 2740 1885 2802 dedicationem
1913 2742 2148 2822 ingenti

161 2827 557 2888 matronarum
605 2815 800 2876 studio
849 2815 1110 2878 tradunt.
1189 2818 1428 2889 Bellum
1472 2818 1630 2879 haud
1658 2821 2035 2882 memorabile
2075 2822 2169 2882 in-

162 2899 381 2976 Algido
411 2917 542 2955 cum
573 2895 792 2974 AEquis
819 2901 1050 2976 gestum
1091 2902 1200 2964 est,
1254 2897 1403 2958 fusis
1456 2897 1719 2959 hostibus
1761 2901 1925 2980 prius
1966 2903 2144 2981 pene,

155 2981 340 3058 quam
393 2995 602 3035 manus
658 2981 1052 3034 consererent.
1134 2977 1395 3046 Valerio,
1452 2979 1615 3056 qued
1668 2980 2143 3058 perseverantior

156 3055 461 3117 caedendis
488 3055 549 3113 in
590 3054 732 3134 fuga
767 3053 898 3122 fuit,
923 3054 1294 3136 triumphus3
1338 3057 1586 3126 Manlio,
1624 3065 1691 3116 ut
1717 3068 1899 3118 ovans
1942 3060 2004 3117 in
2048 3079 2143 3118 re·
2178 3090 2185 3097 ·

156 3137 397 3195 deretur
426 3137 646 3202 urbem,
693 3133 998 3191 decretum
1030 3143 1139 3194 est:
1218 3136 1446 3195 Eodem
1473 3155 1626 3195 anno
1668 3157 1884 3196 novum
1913 3138 2007 3197 bel
2035 3158 2141 3197 um

159 3235 294 3273 cum
343 3211 812 3272 Volsiniensibus
855 3217 1169 3273 exortum:
1234 3215 1357 3294 quo
1403 3223 1638 3293 propter
1690 3216 1905 3276 famem
1954 3215 2144 3296 pesti-

157 3293 520 3370 lentiamque
564 3290 626 3349 in
675 3309 812 3370 agro
854 3291 1135 3362 Romano,
1184 3313 1257 3352 ex
1300 3293 1567 3353 siccitate
1596 3295 2002 3374 caloribusque
2046 3296 2144 3355 ni-

159 3370 292 3428 miis
321 3377 527 3438 ortam,
581 3369 878 3428 exereitus
907 3370 1045 3428 duci
1074 3371 1343 3449 nequivit
1370 3392 1387 3441 3
1430 3373 1501 3430 ob
1549 3393 1683 3452 quae
1712 3375 2142 3445 Volsinienses,

155 3447 558 3530 §alpinatibus
611 3446 908 3524 adjunctis
951 3451 1224 3526 superbi&
1253 3449 1414 3518 elati,
1460 3452 1617 3510 ultro
1645 3473 1813 3543 agros
1840 3453 2143 3514 Romanos

158 3539 552 3609 incursavere.
649 3525 884 3584 Bellum
931 3525 1070 3585 inde
1117 3529 1343 3587 duobus
1398 3530 1629 3608 populis
1676 3531 1984 3591 indictum.
2070 3533 2142 3593 C.

150 3594 350 3655 Julius
381 3621 587 3660 censor
635 3603 892 3662 decessit
921 3623 936 3659 ε
977 3604 1038 3663 in
1067 3609 1192 3684 ejus
1226 3607 1417 3669 {ocum
1445 3609 1535 3666 M.
1564 3610 1877 3670 Cornelius
1922 3611 2143 3671 suffec-

154 3673 270 3738 tus,
311 3693 450 3749 quae
477 3698 576 3740 res
603 3687 806 3758 postea
833 3679 1101 3764 religioni
1121 3685 1239 3746 fuit
1268 3704 1287 3755 3
1352 3685 1491 3766 quia
1520 3707 1589 3748 eo
1616 3689 1805 3752 lustro
1828 3691 2016 3753 Roma
2044 3698 2143 3756 est

2362 414 2371 466 ἑ
