2400 4109
31 2239 43 2358 l

32 2365 48 2512 l

1030 142 1291 224 LIBER
1318 163 1426 224 iv.
1591 205 1597 212 .
2095 169 2224 244 ‚195

301 321 494 382 XXX.
537 322 849 404 Agitatum
877 323 942 382 in
969 325 1112 384 urbe
1141 325 1215 382 ab
1236 323 1493 392 tribunis
1513 294 1723 403 piebis,
1747 327 1811 382 ut
1830 321 2052 384 tribuni
2072 323 2225 384 mili-

163 463 170 470 ,
218 410 348 464 tum
403 403 702 466 consulari
755 408 1050 484 potestate
1077 402 1439 465 'crearentur
1466 424 1484 474 3
1516 423 1519 426 ’
1549 424 1659 468 1166
1710 403 1962 463 obtineri
2014 406 2227 485 potuit.

221 484 519 545 Consules
548 485 703 544 fiunt
735 484 806 545 L.
837 482 1110 564 Papirius
1139 483 1412 551 CrassuS,
1468 485 1541 542 L.
1587 484 1804 543 Julius.
1885 485 2224 564 AEquorum

219 565 404 646 legati
431 565 629 626 foedus
659 567 732 624 ab
756 570 966 624 senatu
995 583 1130 622 cum
1157 564 1469 644 petissent,
1518 575 1581 622 et
1606 583 1713 644 pro
1742 563 1969 624 foedere
1996 565 2226 626 deditio

217 652 638 714 ostentaretur,
679 643 953 703 inducias
991 663 1279 702 annorum
1306 649 1439 704 octo
1478 643 1967 724 impetraverunt.
2048 646 2225 704 Vols-

221 719 562 794 6616111163,
592 745 769 805 super
798 731 1107 802 acceptam
1135 723 1196 782 in
1224 723 1439 804 Algido
1481 725 1733 793 cladem,
1776 725 2070 805 pertinaci
2098 746 2225 784 cer-

219 807 446 868 tamine
475 806 633 865 inter
661 805 824 886 pacis
875 803 1133 882 bellique
1162 811 1435 864 auctores
1476 825 1539 864 1n
1572 805 1773 886 jurgia
1815 811 1877 864 et
1906 805 2227 864 seditiones

218 907 412 948 versa.
494 885 782 964 Undique
810 883 995 944 otium
1013 883 1134 942 fuit
1157 884 1461 944 Romanis.
1524 885 1747 966 Leg'em
1772 883 1847 944 de
1867 886 2221 945 muletarum

223 965 623 1028 aestimatione
651 972 986 1046 pergratam
1017 965 1253 1044 populo,
1281 985 1467 1042 quum
1495 966 1567 1024 ab
1590 963 1841 1024 tribunis
1858 965 2056 1045 parari
2085 987 2221 1024 con·

125 1072 144 1094 <
223 1047 387 1106 sules
416 1045 593 1105 unius
621 1065 694 1103 ex
723 1045 970 1126 collegio
1040 1043 1333 1107 roditione
1364 1043 1755 1124 excepissent,
1783 1045 1895 1125 ipsi
1918 1051 2233 1127 praeoccu-

225 1132 521 1208 paverunt
542 1125 746 1184 ferre.·
795 1125 995 1185 Consu
1024 1145 1088 1184 es
1118 1126 1192 1200 L.
1222 1126 1333 1184 Ser
1372 1123 1464 1184 ius
1494 1125 1753 1185 Fidenas
1781 1125 2015 1195 iterum,
2068 1128 2226 1186 Hos·

224 1214 325 1267 tus
357 1204 673 1265 Lucretius
703 1204 1117 1286 Tricipitinus·
1197 1205 1345 1264 Nihi
1417 1205 1663 1286 dignum
1692 1205 1859 1265 dictu
1910 1212 2106 1265 actum
2135 1206 2225 1264 1113

222 1285 585 1347 66113111111113.
668 1285 873 1346 Secuti
927 1305 1028 1346 eos
1057 1286 1354 1354 consules,
1400 1283 1475 1346 Α.
1505 1284 1824 1345 Cornelius
1852 1285 2094 1356 CossuS,
2148 1285 2225 1344 Τ.
2276 1355 2282 1362 .

221 1365 541 1446 Quinctius
593 1365 832 1425 Pennus
859 1366 1098 1426 iterum.
1179 1366 1469 1446 Vejentes
1516 1365 1579 1428 in
1629 1386 1835 1446 agrum
1890 1364 2225 1426 Romanum
2252 1387 2257 1394 ·

219 1448 605 1508 excursiones
634 1447 929 1507 fecerunt.
1010 1446 1195 1505 Fama
1220 1446 1355 1514 fuit,
1410 1447 1709 1526 quosdam
1746 1467 1821 1505 ex
1848 1445 2225 1506 Fidenatium

205 1531 534 1609 juventute
581 1523 904 1606 participes
939 1526 1082 1605 ejus
1125 1525 1526 1605 populationis
1578 1526 1810 1585 fuisset
1852 1525 2229 1605 cognitioque

221 1610 355 1688 ejus
389 1607 474 1666 rei
502 1607 576 1665 L.
600 1603 822 1685 Sergio,
852 1610 914 1663 et
941 1604 1014 1677 Q.
1043 1605 1317 1672 Servilio,
1346 1609 1409 1664 et
1433 1605 1622 1664 Mam.
1651 1604 1895 1664 AEmilio
1920 1603 2229 1684 permissa.

213 1687 477 1762 Quidam
501 1685 734 1744 Ostiam
759 1683 1025 1764 relegati,
1043 1685 1227 1762 quod,
1244 1703 1353 1743 cur
1374 1703 1481 1764 per
1502 1704 1603 1744 eos
1626 1684 1755 1744 dies
1780 1685 1813 1743 εὶ
1831 1683 2075 1744 Fidenis
2094 1683 2229 1745 afu-

217 1767 432 1834 issent,
474 1784 682 1845 parum
708 1766 1021 1824 constabat
1042 1782 1060 1834 3
1109 1765 1451 1824 colonorum
1474 1764 1716 1824 additus
1740 1784 2037 1834 numeruS,
2060 1785 2230 1846 ager-

217 1865 341 1928 que
368 1845 442 1905 iis
480 1845 638 1905 bello
679 1843 1166 1924 interemptorum
1208 1843 1565 1926 assignatus.
1648 1845 1930 1922 Siccitate
1960 1865 2030 1904 eo
2070 1866 2228 1906 anno

217 1925 549 2012 plurimum
611 1923 938 1984 laboratum
993 1929 1084 1984 est
1111 1945 1128 1982 2
1195 1945 1311 1986 nec
1364 1925 1641 1986 coelestes
1688 1925 1866 1986 modo
1906 1925 2229 1986 defuerunt

219 2025 423 2086 aquae,
451 2005 556 2064 sed
579 2010 738 2066 terra
764 2025 1020 2084 quoque,
1051 2005 1320 2086 ingenito
1344 2005 1590 2066 humore
1612 2025 1813 2087 egens,
1832 2005 1941 2065 vix
1986 2006 2063 2066 ad
2090 2025 2227 2098 per-

221 2105 410 2147 ennes
438 2085 673 2145 suffecit
707 2104 910 2144 amnes
939 2105 959 2156 3
1000 2085 1273 2146 defectus
1304 2085 1443 2145 alibi
1470 2105 1761 2165 aquarum
1788 2085 1949 2145 circa
1970 2086 2226 2146 torridos

215 2167 420 2228 fontes
443 2165 724 2244 rivosque
747 2169 1004 2246 stragem
1027 2164 1138 2224 siti
1150 2185 1433 2244 pecorum
1454 2165 1837 2226 morientium
1856 2164 2065 2226 dedit:
2094 2157 2241 2224 §bari
2252 2158 2261 2182 ²
2372 2159 2374 2166 ’

215 2247 315 2308 1116
342 2243 461 2307 alia
487 2247 801 2326 absumpta
829 2243 1235 2326 :vulgatique
1283 2251 1563 2315 contactu
1606 2247 1669 2305 in
1724 2245 1991 2305 homines
2018 2244 2226 2314 morbi,

205 2335 285 2395 ,61
313 2326 508 2407 primo
554 2325 618 2384 in
659 2331 926 2406 agrestes
977 2323 1331 2406 ingruerant
1371 2324 1779 2405 servitiaque:
1819 2328 1960 2386 urbs
2008 2325 2227 2385 deinde

215 2407 522 2488 impletur.
601 2406 738 2466 Nec
767 2423 1014 2486 corpora
1040 2404 1219 2464 modo
1245 2405 1459 2466 affecta
1484 2409 1642 2475 tabo,
1672 2405 1778 2465 sed
1821 2405 2048 2466 animos
2078 2427 2226 2485 quo·

210 2483 345 2568 ‘que
393 2485 563 2546 multi
608 2487 708 2544 lex
736 2484 961 2564 religio,
1009 2490 1070 2544 et
1095 2486 1385 2566 pleraque
1430 2491 1695 2554 externa,
1736 2485 1999 2558 invasit3
2044 2485 2227 2546 novos

217 2569 377 2646 ritus
407 2507 786 2626 sacrificandi
814 2563 1196 2625 vaticinando
1222 2564 1615 2626 inferentibus
1643 2565 1705 2624 in
1734 2566 1960 2637 domos,
2008 2567 2225 2647 quibus

157 2683 166 2690 -
217 2645 487 2728 quaestui
515 2652 658 2706 sunt
684 2645 844 2726 capti
873 2643 1291 2738 superstitione
1320 2645 1505 2708 animi
1532 2667 1551 2718 3
1592 2646 1783 2708 donec
1800 2649 2075 2728 publicus
2094 2651 2255 2728 jam·

218 2726 417 2812 pudor
443 2725 520 2787 ad
611 2725 852 2786 rimores
881 2726 1140 2786 civitatis
1183 2728 1479 2806 pervenit,
1526 2733 1841 2788 cernentes
1867 2729 1930 2788 in
1958 2730 2227 2790 omnibus

218 2807 373 2868 vicis
401 2747 760 2886 sacellisque
786 2807 1100 2888 peregrina
1155 2812 1338 2886 atque
1380 2807 1623 2876 insolita
1648 2807 1885 2888 piacula
1912 2809 2075 2890 pacis
2104 2811 2228 2869 De·

222 2894 328 2950 fim
377 2888 791 2967 exposcendae.
871 2887 1094 2949 Datum
1138 2885 1279 2946 inde
1326 2887 1627 2968 negotium
1662 2888 1955 2958 aedilibus,
2006 2894 2076 2948 ut
2101 2887 2229 2948 ani·

223 2968 688 3036 madverterent‚
717 2985 792 3026 ne
821 2965 943 3043 qui,
969 2965 1088 3024 nisi
1131 2964 1387 3025 Romani
1433 2966 1555 3036 Dii,
1601 2966 1726 3027 neu=
1760 2989 1879 3044 quo
1906 2969 2023 3028 alio
2051 2987 2232 3036 more,

223 3051 406 3128 quam
455 3047 667 3127 patri05
723 3044 1080 3105 colerentur.
1163 3045 1283 3115 Irae
1340 3045 1627 3107 adversus
1676 3048 1963 3127 Vejentes
2016 3047 2079 3105 in
2136 3047 2231 3105 111-

225 3135 576 3208 sequentem
607 3123 846 3195 annum,
873 3125 947 3184 C.
978 3124 1299 3203 Servilium
1328 3125 1602 3197 Ahalam,
1648 3128 1720 3186 L.
1752 3127 2050 3208 Papirium
2080 3127 2229 3204 Mu·

225 3207 515 3290 gillanum
544 3207 840 3275 consuleS,
862 3205 1068 3266 dilatae
1094 3212 1256 3266 sunt·
1334 3207 1513 3266 Tunc
1536 3228 1793 3287 quoque,
1820 3218 1896 3267 116
1916 3205 2229 3265 confestim

226 3287 456 3350 bellum
481 3286 868 3356 indiceretur,
895 3305 1046 3359 neve
1069 3286 1365 3346 exercitus
1387 3285 1783 3357 mitterentur,
1811 3285 2020 3366 religio
2048 3285 2231 3344 obsti-

201 3369 354 3438 1113
396 3363 645 3427 feciales
668 3364 837 3444 prids
881 3365 1207 3426 mittendos
1255 3365 1332 3426 ad
1379 3387 1477 3426 res
1520 3367 1877 3446 repetendas
1926 3383 2230 3428 censuere.

229 3449 390 3509 Cum
419 3445 774 3528 Vejentibus
797 3466 988 3526 nuper
1013 3445 1142 3506 acie
1166 3445 1513 3506 dimicatum
1541 3447 1618 3506 ad
1646 3449 2012 3506 Nomentum
2041 3452 2104 3506 et
2131 3445 2229 3506 Fi-

229 3527 418 3587 denas
445 3527 686 3587 fuerat:
727 3524 1106 3604 induciaeque
1152 3524 1313 3595 inde,
1367 3547 1485 3585 non
1513 3545 1630 3605 pax
1658 3525 1837 3592 facta,
1878 3545 2127 3604 quai-um
2171 3531 2233 3584 et

234 3607 362 3668 dies
391 3607 638 3675 exierat,
661 3610 723 3664 et
750 3611 888 3664 ante
911 3604 1070 3664 diem
1090 3606 1541 3664 rebellaverant.
1622 3602 2025 3683 Missi-tamen
2052 3605 2233 3664 fecia-

235 3688 366 3746 les:
406 3707 520 3748 1166
571 3704 796 3751 eorum,
849 3702 1035 3762 quum
1063 3703 1227 3742 more
1252 3689 1485 3762 patrum
1518 3680 1709 3758 jurati
1752 3689 2094 3760 repeterent
2120 3697 2235 3760 res,

238 3769 416 3831 verba
462 3758 604 3828 sunt
650 3761 872 3832 audita.
953 3761 1379 3839 (1111111·6111>,1·3111ί
1428 3758 1569 3835 inde
1611 3757 1743 3844 fuit,
1789 3761 1991 3820 utrum
2032 3747 2235 3850 popul}
