2400 4109
199 157 279 211 52
1034 150 1112 211 T.
1137 149 1357 211 LIVII

194 330 327 373 rem
367 310 593 379 scribit,
635 288 948 372 summam'
967 310 1242 391 pecuniae
1297 330 1496 390 neque
1536 330 1613 376 ex
1634 310 1833 371 ‘unius
1872 316 2003 373 tum
2044 312 2220 375 urbis

196 392 407 473 praeda
432 392 808 471 sperandam,
836 398 904 472 et)
925 391 1172 459 nulliuS,
1201 411 1278 451 ne
1304 390 1511 451 horum
1552 392 1800 471 quidem
1820 394 2219 474 magnificen-

196 472 302 533 tiae
331 491 596 552 operum,
622 470 1014 533 fundamenta
1039 490 1158 531 non
1187 478 1697 552 exsuperaturam.

275 553 442 613 LVI.
511 552 790 613 Intentus
855 551 1223 633 perficiendo
1282 552 1527 632 templo,
1582 552 1763 613 fabris
1804 545 2073 635 undique
2142 574 2223 617 ex

192 632 440 693 Etruria
464 632 692 702 accitis,
730 652 852 693 non
893 632 1152 713 pecunia
1179 632 1375 693 solum
1416 631 1496 693 ad
1536 631 1600 692 id
1681 632 1881 693 ublicz‘i
1909 642 2006 694 est
2043 653 2219 705 usus»,

195 713 305 774 sed
331 712 528 805 operis
569 713 750 773 etiam
789 732 868 773 ex
904 712 1120 793 plebe3
1162 712 1268 792 qui
1294 732 1481 793 quum
1519 712 1635 773 hau
1716 732 1938 793 parvus
1980 721 2045 775 et
2084 714 2220 797 ipse

196 792 428 854 militane
455 793 779 853 adderetur
817 794 1002 863 labor,
1043 793 1245 853 minus
1284 799 1489 853 tamen
1529 793 1700 873 plebs
1724 795 2108 873 gravabatur,
2148 814 2221 855 se

192 874 420 954 templa
447 874 652 933 Deum
673 872 1058 934 exaedificare
1088 873 1360 935 manibus
1382 872 1541 933 suis:
1582 894 1719 953 quae
1748 874 1999 968 posthac
2028 880 2093 933 et
2134 875 2217 935 ad

196 954 334 1021 ali-a,
361 960 430 1013 ut
455 953 658 1033 specie
684 953 932 1023 minora,
959 953 1047 1013 sic
1077 952 1297 1013 laboris
1318 952 1630 1032 aliquanto
1646 953 1910 1033 majoriS,
1931 954 2217 1015 traduce·

193 1034 370 1097 bamr
409 1054 633 1115 opera3
707 1033 866 1095 foros
906 1035 969 1093 in
1013 1032 1174 1093 circo
1226 1030 1554 1101 faciendos,
1596 1032 1983 1113 cloacamque
2020 1034 2217 1095 maxi-

191 1133 372 1183 mam,
398 1134 536 1174 rece
579 1114 844 1175 taculum
887 1112 1152 1175 omnium
1193 1122 1718 1195 purgamentorum
1744 1113 1928 1183 urbiS,
1954 1117 2064 1175 sub
2090 1120 2217 1183 ter·

190 1212 321 1274 ram
369 1214 519 1275 agen
565 1215 699 1254 am:
741 1187 956 1273 quibus
997 1194 1235 1253 duobus
1270 1193 1546 1273 operibus
1572 1192 1677 1253 vix
1700 1211 1857 1253 nova
1880 1193 2017 1255 haec
2045 1214 2215 1276 mag-

191 1273 499 1334 nificentia
539 1274 864 1351 quicquam
889 1272 1211 1351 adaequare
1248 1271 1464 1351 potuit.
1482 1306 1525 1350 74
1545 1272 1663 1332 His
1701 1270 2000 1334 laboribus
2042 1294 2216 1335 exer·

193 1353 317 1415 cita
356 1354 550 1434 plebe,
589 1352 733 1431 quia
759 1358 823 1412 et
859 1350 994 1411 urbi
1034 1350 1505 1420 multitudinem,
1552 1351 1652 1411 ubi
1679 1372 1827 1413 usus
1869 1372 1988 1414 non
2031 1361 2213 1425 esset,

189 1433 356 1495 oneri
395 1435 636 1493 rebatur
661 1452 816 1501 esse,
841 1436 905 1492 et
931 1430 1160 1491 colonis
1187 1430 1498 1491 mittendis
1527 1431 1810 1513 occupari
1864 1433 2051 1495 latius
2094 1434 2212 1495 im-

190 1513 340 1595 perii
379 1514 532 1574 fines
599 1513 880 1583 volebat3
966 1510 1230 1593 Signiam
1300 1510 1691 1592 Circejosque
1750 1514 1990 1573 colonos
2030 1514 2215 1586 misit,

189 1592 478 1675 praesidia
516 1590 649 1655 urbi
689 1593 896 1653 futura
934 1595 1099 1653 terra
1140 1591 1431 1671 marique.
1526 1592 1684 1653 Haec
1726 1594 1927 1675 agenti
2008 1602 2213 1655 orten-

187 1680 318 1735 tum
359 1673 624 1735 terribile
665 1673 902 1743 visum3
945 1672 1211 1767 ,anguiS,
1265 1692 1343 1732 ex
1382 1672 1661 1733 columna
1684 1672 1909 1753 —lignea
1948 1695 1983 1733 e
2010 1694 2211 1755 apsus,

187 1774 376 1835 quum
394 1761 682 1814 terrorem
709 1753 1028 1834 fugamque
1052 1774 1119 1813 m
1147 1752 1373 1835 regiam
1400 1752 1663 1823 fecisset,
1688 1753 1877 1846 ipsius
1902 1753 2061 1835 regis
2088 1775 2211 1816 non

183 1841 312 1895 tam
339 1833 534 1895 subito
560 1853 783 1915 pavore
809 1831 1070 1914 perculit
1105 1839 1341 1914 pectuS,
1366 1834 1553 1910 quim
1580 1852 1777 1893 auxus
1801 1834 2077 1915 implevit
2102 1854 2211 1895 cu-

187 1916 290 1975 ris-
371 1916 587 1994 Itaque
615 1934 802 1993 quum
828 1914 903 1973 ad
932 1912 1174 1994 publica
1198 1910 1469 1993 prodigia
1494 1910 1739 1971 Etrusci
1766 1915 2006 1973 tantum
2034 1921 2209 1976 vates

185 1994 629 2063 adhiberentur,
667 1994 779 2054 hoc
819 1994 990 2055 velut
1029 1992 1358 2053 domestico
1398 1990 1739 2051 exterritus'
1754 1990 1907 2060 visu,
1936 1994 2210 2075 Delphos

187 2076 266 2137 ad
293 2074 547 2136 maxime
573 2074 872 2156 inclytum
897 2074 961 2133 in
987 2072 1168 2135 terris
1193 2072 1502 2133 oraculum
1527 2070 1768 2139 mittere
1797 2071 2015 2131 statuit
2037 2094 2056 2144 3
2096 2093 2210 2135 ne-

185 2177 306 2237 que
347 2176 632 2237 responsa
657 2155 907 2217 sortium
947 2154 1057 2214 ulli
1099 2153 1202 2213 alii
1231 2148 1601 2213 committere
1642 2165 1844 2223 ausus,
1870 2153 2021 2212 duos
2047 2152 2208 2216 filios

186 2258 297 2320 per
337 2238 568 2319 ignotas
609 2244 684 2297 ea
722 2240 1084 2317 tempestate
1124 2240 1334 2301 terras,
1374 2232 1669 2314 ignotiora
1708 2232 1915 2302 maria,
1940 2233 2007 2292 in
2036 2234 2207 2295 Grae·

191 2318 344 2381 ciam
397 2317 580 2377 misit.
659 2316 842 2376 Titus
883 2321 948 2375 et
987 2316 1190 2375 Aruns
1230 2312 1528 2394 profecti3
1588 2332 1789 2375 comes
1828 2312 1923 2373 his
1962 2313 2209 2377 additus

187 2399 263 2459 L.
301 2397 516 2459 Junius
558 2398 804 2465 BrutuS,
845 2393 1185 2474 Tarquinis
1244 2414 1447 2456 sorore
1488 2393 1646 2477 regis
1703 2402 1899 2465 natuS,
1954 2395 2205 2474 juvenis

185 2478 362 2560 longe
389 2478 544 2539 alius
569 2475 828 2557 ingenio,
854 2476 1040 2555 quim
1068 2474 1243 2554 cujus
1272 2474 1721 2537 simulationem
1750 2474 2045 2537 induerat.
2126 2476 2209 2546 Ie,

186 2580 374 2639 quum
399 2558 687 2639 primores
715 2555 996 2626 civitatis„
1020 2555 1085 2615 in
1111 2554 1329 2634 quibus
1356 2556 1604 2617 fratrem
1632 2576 1805 2615 suum
1832 2558 1907 2616 ab
1934 2575 2203 2617 avuncu-

185 2640 247 2701 lo
274 2637 662 2701 interfectum
688 2636 972 2704 audisset,
1015 2655 1212 2714 neque
1258 2634 1321 2695 in
1350 2635 1548 2697 animo
1576 2655 1682 2697 suo
1730 2634 2051 2713 quicquam
2078 2636 2205 2719 regi

186 2719 537 2789 timendum,
578 2723 774 2797 neque
839 2717 902 2777 in
942 2716 1184 2777 fortuna
1241 2715 1787 2809 concupiscendum
1856 2714 2202 2795 relinquere

187 2798 418 2868 statuit,
445 2804 909 2879 contemptuque
935 2803 1106 2857 tutus
1125 2816 1287 2865 esse,
1314 2796 1415 2857 ubi
1440 2816 1504 2858 in
1536 2797 1676 2875 jure
1702 2814 1911 2874 parum
1937 2796 2203 2875 praesidii

187 2888 366 2944 esset.
470 2882 630 2961 Ergo
667 2899 742 2939 ex
781 2877 1080 2937 industria
1115 2874 1315 2936 faetus
1357 2876 1435 2937 ad
1476 2874 1864 2935 imitationem
1906 2874 2202 2948 stultitius,
2278 2952 2287 2961 ³
2380 2906 2382 2953 2

187 2982 374 3044 quum
416 2979 481 3021 se
521 2980 748 3039 suaque
786 2959 1004 3040 proedae
1067 2976 1200 3017 esse
1241 2954 1369 3038 regi
1434 2954 1679 3025 sineret,
1720 2954 1895 3015 Bruti
1962 2976 2205 3037 quoque

185 3042 344 3105 haud
374 3040 581 3102 abnuit
609 3060 679 3100 co
761 3059 933 3101 omen
954 3059 973 3097 ι
1011 3043 1082 3097 ut
1109 3038 1218 3098 suh
1246 3038 1375 3117 ejus
1402 3038 1649 3097 obtentu
1691 3035 2059 3116 cognominis
2084 3038 2201 3099 lib·

187 3131 382 3185 erator
406 3122 509 3181 ille
536 3141 690 3203 popu
718 3120 741 3178 i
769 3116 1023 3179 Romani
1063 3116 1298 3177 animus
1326 3110 1525 3175 latens
1572 3115 1947 3197 opperiretur
1970 3123 2203 3199 tempo-

187 3224 256 3265 ra
269 3224 393 3265 sua„
443 3204 506 3263 Is
525 3210 653 3261 tum
677 3202 748 3259 ab
772 3197 1119 3279 Tarquiniis
1147 3198 1367 3255 ductus
1390 3195 1504 3255 Del
1548 3194 1677 3264 hoS,
1696 3196 2019 3259 ludibrium
2049 3198 2201 3259 veri-

186 3304 278 3353 ne,
332 3285 514 3365 quim
545 3301 763 3349 comeS,
791 3300 1038 3340 aureum
1087 3277 1386 3343 baculum,
1414 3274 1511 3336 inc
1540 3296 1715 3335 usum
1742 3298 1961 3338 corneo
1990 3283 2199 3338 cavato

187 3364 264 3433 ,ad
304 3364 367 3423 id
407 3364 640 3431 baculo,
678 3358 890 3421 tulisse
931 3358 1151 3418 donum
1194 3355 1465 3437 Apollini
1518 3355 1762 3429 dicitur,
1790 3380 1899 3441 per
1926 3358 2196 3438 ambages

187 3442 442 3523 effigiem
485 3444 552 3503 in
591 3442 711 3504 enii
751 3440 862 3501 sui.
904 3443 910 3451 '
943 3439 1078 3513 Quo
1117 3444 1433 3518 postquam
1472 3442 1721 3498 ventum
1762 3446 1873 3509 est,
1911 3435 2207 3516 perfectis·

229 3522 374 3581 atris
401 3543 536 3582 man
583 3523 715 3592 atis,
745 3520 960 3602 cupido
986 3517 1236 3579 incessit
1274 3515 1503 3577 animos
1548 3520 1839 3599 juvenum
1880 3513 2193 3578 sciscitan-

225 3601 265 3668 i,
291 3601 370 3659 ad
395 3621 574 3680 quem
599 3624 800 3663 eorum
843 3620 1088 3681 regnum
1122 3599 1452 3658 Romanum
1492 3605 1653 3659 esset
1677 3602 2015 3657 venturum.
2095 3600 2191 3661 Ex

185 3678 390 3739 infimo
429 3698 616 3771 specu·
649 3702 864 3745 vocem
914 3678 1213 3747 redditam
1272 3676 1475 3747 ferunt
1493 3700 1512 3739 ε
1592 3688 1630 3719 ⁶·
1652 3675 1978 3759 Imperium
2020 3698 2185 3745 sum-
