2400 4109
25 1457 40 1496 b

899 191 918 224 2
1017 117 1281 219 Lmen
1306 149 1425 220 111.
2100 153 2217 218 150

211 321 374 406 quod
400 315 522 385 vim
547 318 924 384 tribuniciam
953 317 1291 389 desidet-ets
1306 317 1562 400 spondet
1586 330 1689 398 pe·
1738 320 1873 376 etua
1904 311 2219 380 consulum

212 410 514 466 amborum
542 405 605 464 in
629 404 908 463 libertate
929 405 1130 460 vestra
1154 399 1379 460 tuenda
1409 400 1615 458 cura.”
1756 404 1778 456 t
1803 397 2062 478 primum
2088 420 2215 460 mo-

214 485 444 545 deratio
486 484 706 544 tribuni
747 492 976 544 metum
1023 480 1299 540 Patribus
1346 481 1485 539 dem
1528 477 1625 547 sit,
1678 477 2007 558 eademque
2050 479 2219 540 auxit

215 565 526 625 consulum
552 561 882 634 i'nvidiam3
924 559 1088 641 quod
1129 563 1281 621 adeo
1306 559 1417 620 toti
1458 581 1495 640 p
1522 559 1646 618 ebis
1672 556 1953 628 fuissent,
2002 566 2075 619 ‘ut
2101 559 2221 618 Pa-

214 651 378 705 trum
421 645 634 704 salutis
659 643 1076 721 libertatisque
1116 641 1277 719 prior
1316 639 1547 720 plebeio
1590 636 1982 719 magistratui,
2036 639 2220 719 quam

211 725 484 806 patricio,
533 746 676 784 cura
716 722 970 793 fuisset3
1013 725 1076 780 et
1121 729 1263 781 ante
1303 719 1573 780 inimicos
1598 719 1861 778 'satietas
1910 739 2223 799 poenarum

215 821 456 865 suarum
484 807 759 887 cepisset,
787 804 969 882 quam
997 801 1231 862 obviam
1257 801 1445 860 ituros
1473 799 1735 858 licentiae
1760 818 1965 858 eorum
2004 819 2221 860 consu-

213 887 306 948 les
351 891 683 964 appareret.
766 883 1079 974 Multique
1125 887 1316 951 erant,
1370 880 1476 958 qui
1504 878 1741 938 mollius
1762 880 2104 948 consultum
2132 879 2227 940 di-

217 973 445 1034 cerent,
473 963 636 1043 quod
661 964 862 1044 legum
889 967 963 1024 ab
988 964 1060 1022 iis
1089 963 1349 1022 latarum
1378 960 1589 1020 Patres
1632 964 1903 1018 auctores
1928 959 2227 1030 fuissent;

217 1063 420 1123 neque
449 1049 578 1104 erat
599 1043 865 1113 dubium,
913 1041 1080 1122 quin,
1119 1043 1357 1102 turbato
1403 1038 1741 1120 reipublicoe
1770 1045 1951 1109 statu,
1976 1039 2233 1122 tempori

220 1123 698 1185 succubuissent.
897 1127 900 1130 ’
1543 1141 1551 1146 ·

234 1221 244 1236 ‘
300 1205 433 1263 LX.
476 1204 790 1274 Consules,
816 1205 991 1265 rebus
1032 1201 1274 1264 urbanis
1302 1198 1664 1280 compositis,
1701 1193 2069 1279 fundatoque
2094 1200 2229 1282 ple*

213 1283 306 1345 bis
349 1289 526 1353 statu,
580 1285 645 1344 in
686 1284 1022 1364 provincias
1065 1282 1290 1344 diversi
1324 1280 1539 1342 abiere.
1620 1279 1899 1340 Valerius
1940 1281 2229 1342 adversus

186 1365 190 1368 ’
229 1367 582 1445 conjunctos
613 1364 830 1446 jamin
873 1364 1091 1446 Algido
1132 1361 1434 1424 exercitus
1468 1363 1805 1439 -AEquorum
1849 1360 2233 1421 Volscorum-

218 1463 336 1524 que
359 1443 648 1504 sustinuit
675 1443 922 1505 consilio
947 1444 1192 1505 bellum.
1275 1441 1451 1515 Quod
1481 1439 1530 1501 si
1560 1440 1861 1521 extemplo
1890 1461 2015 1500 rem
2037 1440 2229 1502 furtu-⁶

218 1543 318 1584 11ae
343 1524 756 1594 commisisset,
801 1524 962 1584 haud
989 1524 1132 1592 scio,
1173 1542 1267 1584 an.
1306 1521 1433 1612 (qui
1460 1527 1586 1580 tum
1617 1519 1799 1579 animi
1825 1522 1899 1580 ab
1928 1521 2230 1581 decemvi-

225 1621 428 1664 rorum
453 1603 793 1664 infelicibus
822 1602 1106 1684 auspiciis
1125 1604 1413 1662 Romanis
1434 1597 1823 1677 hostibusque
1844 1601 2036 1682 erant)
2067 1616 2232 1682 mag-

163 1679 298 1744 0110
348 1683 710 1744 detrimento
758 1693 1061 1747 certamen
1109 1689 1405 1742 staturum
1456 1680 1659 1740 fuerit.
1768 1679 2017 1750 Castris,
2063 1682 2231 1742 mille

221 1782 509 1854 passuum
537 1765 610 1822 ab
631 1763 799 1824 hoste
825 1762 1052 1842 pasius,
1081 1761 1283 1842 copias
1310 1759 1691 1824 continebat}
1728 1759 1928 1820 hostes
1966 1761 2230 1836 medium

223 1848 386 1902 mter
403 1841 542 1902 bina
569 1850 767 1902 castra
795 1843 1052 1924 spatium
1081 1843 1210 1902 acie
1237 1842 1534 1902 instructa
1560 1841 1937 1920 complebant
1958 1861 1983 1912 3,
2018 1863 2233 1922 provo-

227 1921 619 2001 cantibusque
660 1923 736 1984 ad
766 1921 1044 2001 proelium
1083 1940 1435 2003 responsum
1478 1923 1784 1980 Romanus
1814 1941 1987 1982 nemo
2014 1923 2233 1982 redde-

227 2003 349 2062 bat.
431 2002 705 2062 Tandem
731 2002 966 2083 fatigati
1007 2003 1241 2071 stando,
1290 2022 1361 2062 ac
1401 2001 1801 2081 nequicquam
1828 2001 2235 2082 exspectando

225 2086 549 2150 certamen,
575 2081 767 2162 AEqui
794 2083 1138 2161 Volscique,
1184 2089 1499 2162 postquam
1540 2100 1893 2142 concessum
1910 2103 2232 2163 propemo-

226 2162 367 2221 dum
397 2161 474 2222 de
500 2161 754 2236 victoria
780 2163 1122 2231 credebaut,
1177 2182 1314 2242 pars
1354 2163 1417 2221 in
1446 2161 1764 2230 HernicoS,
1791 2182 1931 2252 pars
1970 2162 2033 2221 in
2062 2164 2233 2224 Lati-

29 2273 37 2284 =
69 2232 74 2238 ’
161 2279 166 2284 -
225 2255 333 2302 nos
361 2241 697 2322 praedatum
726 2246 991 2312 abeunt3
1027 2241 1391 2320 relinquitur
1415 2240 1605 2335 magis
1630 2249 1842 2302 castris
1866 2239 2233 2322 praesidium,

225 2341 408 2400 quam
435 2323 582 2382 satis
609 2321 822 2383 virium
851 2323 926 2382 ad
957 2328 1261 2382 certamen
1285 2340 1302 2392 3
1343 2321 1503 2400 quod
1529 2325 1610 2380 ibi
1638 2322 1848 2382 consul
1867 2321 2075 2402 sensit,
2093 2325 2231 2384 red-

225 2402 318 2461 dit
342 2401 579 2461 illatum
607 2410 784 2462 antea
823 2409 1132 2471 terrorem,
1178 2401 1595 2482 instructaque
1642 2403 1769 2463 acie
1810 2402 1969 2463 ultro
1995 2403 2231 2464 hostem

195 2479 486 2541 ·lacessit.
567 2481 688 2540 Ubi
713 2481 824 2550 illi,
853 2481 1397 2560 conscientia'quid
1420 2485 1657 2542 abesset
1674 2483 1908 2551 virium,
1930 2484 2232 2546 detracta·
2294 2524 2297 2525 ν

221 2577 366 2620 vere
388 2571 665 2642 pugnam,
695 2563 886 2622 crevit
913 2562 1209 2642 extemplo
1232 2562 1518 2622 Romanis
1540 2562 1792 2632 animus3
1834 2570 1897 2624 et
1920 2585 2029 2644 pro
2056 2564 2233 2628 victis

221 2640 520 2702 habebant
539 2649 826 2720 paventes
854 2643 1014 2702 intra
1039 2643 1285 2702 vallum.
1366 2643 1561 2717 Quum
1590 2662 1699 2724 per
1718 2650 1908 2709 totum
1926 2643 2087 2706 diem
2109 2653 2230 2708 ste·

223 2721 445 2783 tissent
484 2721 700 2782 intenti
744 2721 821 2782 ad
849 2730 1172 2793 certamen,
1220 2722 1383 2784 nocti
1412 2743 1683 2783 cessere:
1724 2732 1786 2784 et
1813 2726 2067 2786 Romani
2094 2726 2229 2807 qui-

225 2799 364 2860 dem
389 2801 554 2881 pleni
582 2802 710 2881 spei
737 2821 982 2884 corpora
1023 2807 1367 2863 curabant.-
1414 2803 1897 2883 Haudquaquam
1940 2807 2069 2886 pari
2096 2807 2232 2867 hos-

225 2887 320 2942 tes
347 2881 544 2940 animo
571 2882 826 2942 nuncios
849 2882 1070 2962 passim
1097 2883 1317 2963 trepidi
1345 2885 1421 2942 ad
1453 2885 1819 2948 revocandos
1862 2887 2231 2966 praedatores

226 2960 580 3031 dimittunt3
623 2963 950 3022 recurritur
988 2981 1070 3022 ex.
1089 2963 1373 3041 proximis
1402 2964 1589 3032 locis3'
1629 2964 2095 3028 alterio-resnou
2136 2967 2231 3026 in-

223 3039 410 3101 venti.
491 3041 612 3100 Ubi
637 3041 856 3110 illuxit,
886 3042 1190 3122 egreditur
1218 3044 1431 3102 castris
1459 3038 1784 3114 Romanus,
1812 3046 2036 3105 vallum
2063 3047 2231 3105 inva-

227 3140 423 3190 suruS,
471 3121 534 3179 ni
577 3121 748 3202 copia
773 3121 990 3202 pugnae
1020 3123 1235 3192 fieret;
1276 3129 1355 3192 et,
1384 3129 1695 3202 postquam
1726 3125 1913 3185 multa
1944 3127 2071 3204 jam
2100 3123 2235 3184 dies

231 3206 384 3269 erat,
409 3219 606 3279 neque
625 3205 972 3262 movebatur
999 3203 1319 3281 quicquam
1350 3207 1422 3263 ab
1451 3204 1639 3274 hoste,
1654 3206 1827 3284 jubet
1854 3204 2023 3284 signa
2048 3203 2235 3262 infer-

224 3281 280 3342 ri
307 3280 516 3340 consul
539 3301 558 3350 3
601 3287 880 3361 motaque
907 3282 1056 3350 acie,
1105 3281 1437 3363 indignatio
1468 3283 1697 3362 AEquos
1744 3292 1806 3345 et
1848 3285 2097 3345 Volscos
2135 3282 2233 3343 in·-
2317 3286 2321 3290 ’

233 3360 438 3429 cessit,
461 3359 536 3420 'si
561 3361 820 3422 victores
849 3361 1148 3428 exercitus
1187 3362 1411 3422 vallum
1451 3365 1671 3456 potius,
1720 3365 1899 3442 quafm
1942 3361 2132 3422 virtus
2174 3370 2239 3425 et

229 3460 397 3500 arina
436 3448 756 3522 tegerent3
797 3441 982 3522 igitur
1019 3447 1081 3502 et
1121 3442 1235 3523 ipsi
1278 3441 1665 3524 efflagitatum
1707 3447 1777 3502 ab
1818 3441 2073 3502 ducibus
2112 3443 2234 3524 sig-⁶

229 3540 376 3582 num
400 3539 614 3600 pugnae
639 3539 941 3600 accepere.
1021 3521 1277 3602 Jamque
1304 3541 1443 3602 pars
1472 3541 1711 3602 egressa
1741 3523 1923 3599 portis
1952 3530 2097 3590 erat,
2126 3525 2234 3581 de·-

229 3599 442 3681 inceps
485 3620 562 3660 ue
602 3601 707 3660 alii
748 3602 1062 3660 servabant
1087 3603 1377 3668 ordinem,
1424 3601 1487 3660 in
1529 3613 1699 3658 suum
1744 3598 1995 3677 quisque
2036 3602 2238 3658 locum

225 3679 452 3740 descen
497 3686 687 3750 entes,
729 3671 916 3756 quunl
943 3680 1150 3739 consul
1180 3681 1487 3740 Romanus
1508 3677 1596 3754 pri
1606 3677 1693 3743 us,
1714 3677 1895 3755 quum
1922 3679 2063 3736 totis
2089 3675 2237 3734 viris

151 3759 158 3766 ’
228 3761 346 3824 bus
366 3759 524 3822 fulta
549 3765 854 3823 constaret
879 3757 1136 3822 hostium
1173 3758 1358 3827 acies,
1382 3754 1589 3818 intulit
1616 3752 1827 3836 signa-3
1863 3754 2237 3823 adortusque
