2400 4109
1004 83 1405 238 nmmum.
2070 113 2183 191 sos

196 287 520 368 Capitolini
547 288 692 358 filio,
721 287 1060 368 Gapitolino
1085 290 1444 358 consulibus,
1471 290 1553 350 du
1685 290 1733 349 F
1808 289 1869 359 ii,
1898 290 2183 362 cuksorte

162 367 166 372 ’
195 389 266 429 ea
282 369 586 450 provincia
606 375 906 438 evenerat,
923 369 1065 428 nihil
1090 370 1335 450 dignum
1362 389 1623 430 memora
1866 369 1873 377 ’

191 449 486 530 trepidam
511 450 750 508 tantum
776 449 1179 508 ostendissent
1203 449 1396 509 aciem
1422 449 1632 528 AEqui,
1672 456 1738 509 tu
1814 450 1827 462 “

194 528 434 599 duntur,
463 529 620 588 haud
647 547 859 608 magno
889 529 1146 588 consulis
1168 527 1381 594 decore
1400 549 1418 597 3
1460 527 1665 608 itaque
1706 533 1925 608 triump
1966 549 2037 588 us
2076 529 2185 588 ne·

188 615 384 688 gatur.
464 609 750 668 Ceterum
777 610 850 666 ob
878 606 1319 688 Sempronianae
1356 607 1544 668 cladis
1571 607 1829 668 levatam
1870 608 2185 690 ignomini-

187 709 304 756 am,
345 695 414 748 ut
451 707 636 747 ovans
662 689 868 746 urbem
907 689 1174 756 intraret,
1217 705 1565 746 concessum
1593 695 1703 748 est.
1784 688 2185 762 Quemadmo-

187 767 334 826 dum
361 767 581 826 bellum
609 766 850 834 minore,
877 767 1058 848 quam
1099 766 1447 835 timuerant„
1467 765 1869 831 dimicatione,
1890 773 2021 828 erat
2044 769 2183 846 perss

185 845 430 914 fectum,
460 846 546 904 sic
574 845 637 907 in
664 847 808 904 urbe
838 865 911 904 ex
938 845 1265 924 tranquillo
1292 845 1645 924 necopinata
1671 846 1860 906 moles
1888 847 2183 906 discordi-

191 944 364 986 arum
391 927 548 984 inter
579 925 808 1003 plebem
835 945 906 984 ac
935 925 1144 984 Patres
1173 929 1378 986 exorta
1406 929 1517 992 est,
1544 933 1743 1007 coepta
1770 926 2183 1005 abvduplican-

187 1005 268 1063 do
299 1019 667 1083 quaestorum.
689 1024 934 1072 numero
959 1026 976 1074 3
1019 1025 1195 1083 quam
1225 1025 1369 1073 rem,
1422 1005 1530 1095 (ut,
1559 1011 1777 1083 praeter
1830 1005 1978 1066 duos
2008 1009 2182 1066 urba-

185 1105 300 1146 nos
322 1089 665 1161 quaestoreS,
692 1084 808 1142 duo
837 1085 1178 1143 consulibus
1208 1084 1283 1143 ad
1306 1083 1644 1144 ministeria
1670 1083 1811 1143 belli
1840 1093 2058 1164 praesto
2086 1106 2181 1146 es-

186 1163 349 1242 sent)
382 1163 418 1220 2³„
447 1163 782 1222 consulibus
813 1165 1080 1232 relatam,
1135 1183 1321 1241 quum
1349 1173 1413 1223 et
1438 1164 1649 1222 Patres
1678 1171 1907 1232 summa
1936 1184 2047 1244 ope
2074 1186 2180 1246 ap·

185 1244 558 1324 probassent,
581 1243 919 1302 consulibus
943 1243 1163 1316 tribuni
1186 1242 1373 1322 plebis
1392 1245 1694 1302 certamen
1712 1240 2067 1319 intulerunt,
2112 1252 2181 1305 ut

183 1343 328 1404 pars
368 1328 728 1400 quaestorum
773 1321 932 1402 (nam
977 1322 1053 1382 ad
1096 1322 1158 1380 id
1199 1329 1434 1402 tempus
1474 1320 1711 1401 patricii
1754 1322 1940 1382 creati
1982 1326 2175 1404 erant)

183 1423 260 1462 ex
287 1401 459 1482 plebe
488 1403 674 1461 fieret.
759 1402 1070 1461 Adversus
1098 1421 1275 1479 quam
1304 1403 1599 1461 actionem
1641 1401 1833 1480 primo
1876 1408 1937 1462 et
1964 1421 2181 1460 consu-

181 1479 278 1542 les
305 1488 368 1542 et
397 1481 609 1541 Patres
650 1483 881 1540 summa
907 1501 1017 1560 ope
1057 1479 1253 1539 adnisi
1294 1488 1473 1540 suntz
1515 1479 1899 1540 concedendo
1940 1481 2179 1550 deinde,

177 1567 266 1628 ut,
295 1560 794 1640 quemadmodum
823 1560 884 1630 in
939 1559 1190 1618 tribunis
1220 1559 1519 1636 consulari
1556 1566 1854 1642 potestate
1898 1561 2175 1621 creandis

175 1639 276 1702 usi
317 1646 475 1706 sunt,
534 1639 781 1716 adaeque
820 1638 884 1697 in
925 1638 1320 1716 quaestoribus
1361 1640 1609 1699 liberum
1664 1645 1824 1699 esset
1862 1639 2175 1700 arbitrium

178 1719 408 1800 populi,
463 1738 647 1796 quum
700 1737 908 1797 parum
951 1717 1327 1802 proficerent,
1387 1725 1575 1776 totam
1616 1737 1743 1778 rem
1784 1717 1860 1778 de
1902 1719 2173 1800 augendo

176 1803 548 1877 quaestorum
589 1815 834 1859 numero
875 1797 1172 1857 omittunt.
1254 1797 1579 1876 Excipiunt
1619 1797 1895 1858 omissam
1935 1800 2175 1870 tribuni,

179 1877 442 1955 aliaeque
471 1875 740 1944 subinde,
781 1875 938 1936 inter
964 1896 1114 1955 quas
1141 1883 1204 1936 et
1229 1876 1477 1957 agrariae
1508 1878 1675 1958 legiS,
1703 1877 1995 1940 seditiosae
2024 1879 2177 1939 acti-

177 1977 336 2016 ones
363 1954 662 2034 existunt:
727 1956 970 2036 'propter
1009 1976 1158 2034 quos
1178 1964 1376 2016 motus
1403 1977 1583 2036 quum
1607 1963 1849 2018 senatus
1879 1959 2173 2027 consules,

178 2036 368 2115 quam
397 2035 682 2102 tribunos,
725 2031 914 2094 creati
941 2035 1167 2107 mallet,
1192 2055 1389 2114 neque
1434 2043 1639 2117 posset
1662 2057 1769 2117 per
1794 2037 2171 2097 intercessio-

177 2134 296 2174 nes
314 2113 664 2174 tribunicias
704 2116 1289 2177 senatusconsultum
1320 2115 1488 2186 fieri;
1529 2117 1863 2196 respublica
1893 2117 1929 2174 ἃ
1956 2137 2171 2175 consu»

177 2193 341 2254 libus
389 2194 468 2254 ad
489 2195 914 2273 interregnum,
955 2213 1150 2272 neque
1192 2193 1257 2252 id
1283 2193 1474 2274 ipsum
1506 2195 1665 2275 (nam
1692 2195 1851 2254 coire
1891 2194 2174 2275 patricios

176 2273 404 2334 tribuni
445 2273 846 2354 prohibebant)
892 2273 1021 2332 sine
1071 2273 1398 2352 certamine
1432 2273 1679 2354 ingenti,
1720 2271 1909 2337 rodit.-
1975 2275 2169 2349 Quum

179 2373 322 2432 pars
349 2357 538 2432 major
577 2352 948 2430 insequentis
975 2353 1117 2412 anni
1146 2373 1249 2433 per
1264 2373 1451 2413 ‘novos
1479 2354 1745 2414 tribunos
1771 2353 1931 2434 plebi
1970 2361 2033 2413 et
2060 2354 2169 2413 ali-

177 2439 326 2524 quot
351 2433 680 2512 interreges
707 2431 1128 2506 certaminibus
1157 2439 1425 2502 extracta
1451 2439 1626 2503 esset,
1653 2433 1829 2493 modo
1854 2433 2169 2514 prohiben-

177 2515 340 2572 tibus
361 2511 618 2581 ‚tribunis
645 2510 925 2590 patricios
949 2511 1106 2570 coire
1133 2511 1211 2570 ad
1232 2511 1603 2592 prodendum
1630 2513 2004 2593 interregem,
2042 2533 2170 2574 mo·

175 2591 260 2650 do
287 2591 648 2670 interregem
674 2590 800 2648 inte
874 2591 1209 2660 ellantibuS,
1250 2611 1325 2651 ne
1354 2594 1935 2652 senatusconsultum
1963 2593 2039 2654 de
2068 2615 2169 2655 co·

80 2681 90 2692 ’
171 2669 364 2742 mitiis
391 2669 800 2741 consularibus
853 2676 1056 2730 aceret
1076 2691 1093 2742 3
1134 2673 1434 2752 postremo
1476 2671 1549 2730 L.
1578 2672 1850 2754 Papirius
1878 2673 2169 2754 Mugilla-

171 2769 312 2818 nuS,
352 2749 625 2830 proditus
647 2749 930 2819 interrex,
973 2750 1317 2832 castigando
1344 2750 1513 2812 nuuo'
1535 2753 1762 2821 PatreS,
1790 2771 1951 2812 nunc
1978 2753 2167 2814 tribu-

173 2848 288 2889 nos
334 2829 511 2909 plebi,
551 2840 586 2866 “
610 2829 911 2890 desertam
948 2831 1343 2908 omissamque
1370 2833 1459 2894 ab,
1490 2831 1821 2892 hominibus
1849 2833 2191 2914 rempublim

174 2929 332 2976 cam,
373 2909 636 2968 Deorum
674 2908 1049 2987 providentia
1077 2915 1341 2986 curaque
1382 2913 1757 2990 exceptam„
1804 2915 2167 2984 memorabat

171 2999 210 3026 ‘⁸
231 2987 584 3066 Vejentibus
611 2987 870 3047 induciis
899 2993 960 3047 et
988 2991 1369 3047 cunctatione
1409 2987 1747 3067 AEquorum
1775 2995 1951 3051 stare.
2034 2991 2165 3050 Un-

173 3067 254 3147 de
285 3070 337 3125 si
365 3067 508 3144 quid
529 3067 594 3126 in
611 3071 814 3147 crepet
839 3067 1098 3137 terroriS,
1121 3069 1249 3126 sine
1276 3067 1525 3148 patricio
1551 3091 1645 3130 ma
1688 3071 1899 3130 'stratu
1928 3070 2165 3148 placere

170 3145 601 3226 rempublicam
627 3145 876 3226 opprimi
907 3147 931 3204 Ρ
979 3167 1099 3206 non
1126 3149 1471 3216 exercitum,
1498 3169 1618 3209 non
1690 3169 1861 3209 ucem
1903 3148 2164 3208 scriben-

171 3226 250 3285 do
281 3224 572 3284 exercitui
600 3227 778 3285 esse?
820 3245 898 3286 an
921 3227 1092 3286 bellov
1116 3225 1399 3286 intestino
1426 3229 1642 3300 bellum
1677 3236 1987 3304 externum
2026 3246 2166 3306 pro-

213 3304 557 3364 ulsaturos?
586 3304 736 3383 *quae
769 3305 910 3366 siin
949 3326 1134 3364 unum
1172 3305 1549 3377 conveniant,
1588 3309 1689 3368 vix
1728 3309 1991 3368 Deorum
2038 3305 2164 3386 opi-

167 3325 301 3452 gus,
330 3383 786 3462 quinobruatur
813 3385 1084 3446 Romana
1109 3405 1225 3455 res,
1253 3387 1455 3446 resisti
1482 3407 1655 3468 posse
1678 3407 1695 3457 ;
1737 3384 1883 3466 quin
1912 3385 2019 3452 illi,
2068 3405 2165 3445 re-

171 3462 466 3522 mittendo
495 3463 574 3522 de
620 3461 852 3529 s'umma
879 3466 1132 3556 quisque
1167 3465 1348 3543 juriS,
1391 3467 1605 3526 mediis
1648 3464 1997 3545 copularent
2023 3475 2189 3526 con-‘

174 3541 438 3602 cordiam
464 3563 479 3600 ε
521 3544 752 3613 Patres,
792 3545 1074 3624 patiendo
1096 3544 1366 3605 tribunos
1395 3543 1661 3605 militum
1690 3545 2164 3623 proconsulibus

173 3619 338 3680 fierit
379 3621 601 3684 tribuni
629 3622 834 3701 plebis,
875 3644 994 3683 non
1033 3625 1481 3689 intercedendo,
1522 3643 1638 3700 quo
1673 3622 1871 3681 minus
1912 3631 2165 3701 quatuor

171 3706 504 3778 quaestores
547 3701 882 3782 promiscue
925 3704 1000 3762 de
1041 3704 1215 3784 plebe
1244 3725 1313 3764 ac
1358 3700 1631 3762 Patribus
1669 3701 1855 3763 libero
1878 3700 2173 3778 suffragio

176 3779 384 3860 populi
407 3781 711 3842 fierent-”⁴
987 3851 990 3855 ¹
1238 3783 1279 3840 S

1932 4065 2171 4078 ...ἡκ-ά

1732 15 1887 136 ,e
1897 0 2009 143 ³1¹2..
2136 0 2225 119 a
2245 40 2281 81 a
2301 0 2375 128 ἢ]

1636 193 1700 288 U
1736 194 1798 279 “NJ
1840 211 1859 268 ¹.
1990 191 2051 280 F-
2078 194 2153 277 ῑῖκω
2180 205 2227 277 s
2259 191 2293 276 ἶ

1971 391 1992 427 2
2040 357 2302 449 ωιτη-ἰ
2324 370 2374 416 ³²
