2400 4109
221 149 332 206 184
1052 147 1130 206 T.
1158 142 1371 206 L1v11
2282 0 2316 336 ν,

213 325 387 388 reges
413 311 656 367 exactos
683 303 884 375 sciret,
933 305 1263 386 eodemque
1304 325 1464 368 anno
1490 307 1705 369 sororis
1746 308 1901 370 filios
1926 309 2100 392 regis,
2148 315 2210 370 et
2316 352 2318 406 i

213 386 430 448 liberos
459 386 720 447 consulis
747 386 1080 446 liberatoris
1107 387 1339 466 patrias,
1393 395 1635 469 propter
1682 389 2014 470 pactionem
2056 390 2208 450 indi·
2316 407 2318 418 ·

214 473 408 526 catam
449 466 924 546 recipiendorum
963 466 1029 524 in
1075 468 1283 526 urbem
1326 487 1550 548 regum,
1600 469 1635 528 εἶ
1660 475 1831 550 patre
1858 471 2052 530 securi
2080 489 2207 531 esse
2303 424 2322 554 i

209 565 528 630 percussos
559 567 577 618 3
621 567 694 606 ex
721 567 842 625 qua
869 546 1239 606 Collatinum
1268 548 1665 627 Tarquinium
1696 551 1999 610 consulem
2026 552 2211 611 nomi·
2307 555 2322 581 ·“

212 625 308 685 nis
333 627 472 687 odio
498 627 773 687 abdicare
815 645 880 686 se
927 629 1277 705 magistratu
1322 634 1503 707 atque
1530 630 1804 690 exsulare
1835 633 2113 711 jussum3
2152 630 2211 690 in

211 725 334 784 qua
361 709 436 768 de
467 708 566 788 Sp.
595 706 824 775 Cassio,
849 714 986 786 post
1026 708 1259 786 aliquot
1284 727 1491 778 annoS,
1543 717 1788 790 propter
1814 710 2063 770 consilia
2100 711 2209 770 ini-

207 793 274 846 ta
319 789 398 848 de
440 809 619 868 regno
673 787 1032 867 supplicium
1080 793 1422 868 sumptum3
1462 789 1527 848 in
1554 810 1674 868 qua
1700 809 1892 870 nuper
1916 790 2207 850 decemvi-

209 887 308 928 ros
337 870 520 936 bonis,
562 867 790 936 exsilio,
833 867 1030 948 capite
1057 867 1377 928 mulctatos
1404 869 1479 928 ob
1506 869 1839 950 superbiam
1868 871 2110 952 regiam,
2152 871 2207 931 in
2329 911 2332 928 ι

209 966 285 1007 ea
339 950 439 1028 Sp.
486 946 738 1008 Maelius
792 967 957 1028 spem
1013 946 1183 1030 regni
1238 949 1598 1030 conceperit.
1678 951 1762 1010 Et
1812 950 1948 1029 quis
1990 952 2161 1013 homo
2186 953 2211 1008 ἰ
2330 935 2334 1006 Ι

209 1047 554 1106 quanquam
581 1028 812 1088 nullam
839 1028 1228 1097 nobilitatem,
1268 1029 1467 1089 nullos
1511 1030 1781 1112 honoreS,
1806 1031 1974 1090 nulla
2000 1031 2211 1092 metita
2334 1010 2336 1044 Ι

208 1107 488 1186 cuiquam
517 1108 594 1169 ad
622 1107 1087 1169 dominationem
1111 1109 1376 1189 pandere
1404 1110 1556 1170 viam
1589 1130 1607 1180 3
1650 1111 1757 1170 sed
1798 1115 2001 1172 tamen
2028 1112 2210 1171 Clau·
2329 1084 2338 1150 l

207 1187 358 1258 dios,
401 1188 662 1258 CassioS,
711 1189 1136 1259 consulatibus,
1163 1189 1681 1260 decemviratibus„
1729 1192 1869 1250 suis·
1894 1194 2211 1272 maiorum·
2333 1158 2343 1300 l

208 1287 328 1347 que
353 1268 692 1338 honoribus,
719 1268 1036 1350 splendore
1061 1269 1421 1337 familiarum
1450 1263 1763 1330 sustulisse
1789 1271 2041 1341 animos,
2098 1271 2213 1351 quo
2342 1303 2345 1352 J

204 1349 379 1410 nefas
405 1349 590 1410 fuerit
616 1370 635 1408 ε
677 1349 779 1429 Sp.
807 1349 1105 1417 Maelium,
1153 1349 1252 1409 cui
1298 1350 1853 1431 tribunatusplebis
1880 1351 2074 1432 magis
2114 1371 2213 1443 op·

203 1430 448 1500 tandus,
477 1450 656 1510 quam
697 1428 1048 1509 sperandus,
1077 1427 1277 1500 fuerit,
1298 1428 1755 1492 frumentari-um
1782 1431 2054 1503 divitem,
2082 1431 2213 1492 bih-
2344 1450 2348 1498 1

203 1509 329 1570 bris
355 1509 530 1572 farris
558 1516 832 1591 sperasse
857 1508 1197 1570 libertatem
1240 1529 1304 1570 se
1333 1509 1553 1570 civium
1582 1530 1822 1573 suorum
1850 1511 2087 1581 emisse,
2132 1511 2212 1570 ci-

201 1592 398 1670 boque
429 1590 764 1672 objiciendo
791 1595 988 1650 ratum
1013 1589 1302 1648 victorem
1328 1589 1714 1650 finitimorum
1736 1591 1999 1650 omnium
2018 1593 2211 1672 popu·
2339 1524 2355 1726 ς

201 1669 332 1732 lum
353 1670 416 1730 in
445 1670 794 1731 servitutem
824 1667 1036 1750 perlici
1059 1687 1282 1749 posset
1322 1675 1409 1738 ut,
1466 1689 1643 1748 quem
1694 1675 2029 1730 senatorem
2076 1691 2212 1732 con·

202 1771 461 1829 coquere
489 1750 698 1811 civitas
723 1748 826 1809 vix
851 1755 1071 1840 posset,
1121 1767 1327 1830 regem
1350 1748 1553 1818 ferret,
1600 1749 1841 1810 Romuli
1868 1750 2214 1820 conditoris,
2354 1744 2356 1760 '

201 1834 276 1894 ab
305 1830 438 1888 Diis
467 1829 600 1898 orti,
647 1834 874 1909 recepti
897 1829 979 1888 ad
1005 1830 1186 1896 Deos,
1214 1827 1469 1909 insignia
1515 1834 1698 1908 atque
1744 1829 2061 1910 imperium
2110 1832 2213 1892 ha·
2359 1893 2360 1896 ,

201 1914 461 1973 bentem.
543 1909 684 1969 Non
705 1927 815 1990 pro
841 1907 1070 1967 scelere
1097 1906 1160 1966 id
1183 1908 1387 1987 magis,
1403 1907 1417 1911 ”
1436 1927 1616 1987 quam
1640 1929 1749 2000 pro
1777 1917 2060 1988 mqggtro,
2109 1912 2215 1972 ha·
2277 1967 2283 1972 .
2358 1927 2360 1930 ‘

203 1991 485 2052 bendum.
565 1989 702 2048 'Nec
731 1987 877 2048 satis
903 2007 1036 2048 esse
1063 1986 1354 2066 sanguine
1384 1987 1513 2066 ejus
1542 1991 1864 2068 e‘xplatum,
1904 1989 2022 2050 nisi
2048 1996 2221 2052 tecta

249 2070 606 2150 arietesque,
657 2068 817 2128 intra
862 2087 1000 2147 quae
1039 2071 1276 2127 tantum
1325 2067 1599 2128 amentiae
1628 2075 1985 2149 conceptum
2032 2076 2215 2141 esset,

203 2092 679 2246 dissiparentum
731 2149 1026 2227 bonaque,
1074 2152 1352 2208 contacta
1402 2147 1609 2229 pretiis
1660 2169 1727 2235 re
1807 2149 1828 2226 i
1880 2150 2213 2221 mercandi,

204 2233 702 2315 publicarentur3
735 2231 947 2309 jubere
992 2228 1219 2307 itaque,
1267 2234 1605 2308 ›quaestores
1632 2225 1747 2288 <ren
1792 2248 1893 2290 ere
1940 2249 2011 2290 ea
2036 2231 2213 2302 bona,

206 2320 389 2392 atque
415 2313 479 2372 in
547 2309 810 2370 ublicum
835 2308 1171 2389 redigere.”
1692 2337 1699 2344 ·
2148 2322 2153 2326 ·

287 2394 456 2452 XVI.
559 2387 756 2450 omum
785 2389 1025 2458 deinde,
1051 2394 1120 2448 ut
1145 2393 1529 2450 monumento
1551 2409 1691 2450 area
1717 2395 1878 2450 esset
1904 2409 2211 2471 oppressae

205 2473 452 2535 nefariae
482 2470 628 2551 spei,
651 2467 827 2528 -dirui
849 2469 1148 2548 extemplo
1157 2468 1345 2548 jussit
1370 2488 1389 2540 3
1428 2469 1489 2530 id
1520 2469 1976 2550 AEquimaelium
2004 2489 2209 2552 appel-

206 2569 396 2616 latum
423 2569 532 2611 est.
615 2550 690 2608 L.
716 2548 1194 2631 Minuciu5,bove
1222 2558 1430 2609 aurato
1456 2557 1627 2621 extra
1653 2557 1881 2631 portam
1910 2551 2211 2632 Trigemi-

204 2652 346 2695 nam
375 2637 468 2692 est
493 2630 767 2700 donatus,
812 2649 891 2689 ne
914 2628 1088 2709 >plebe
1115 2627 1359 2706 quidem
1384 2628 1596 2698 invita,
1650 2629 2208 2712 quingumentum

203 2713 579 2780 Maelianum,
625 2710 856 2770 assibus
901 2708 972 2781 in,
1011 2706 1246 2768 modios
1312 2708 1694 2779 aestimatum,
1762 2709 1919 2790 plebi
1984 2709 2209 2772 divisit.
2242 2769 2252 2778 ,

204 2795 391 2858 Hunc
418 2788 777 2860 Minucium,
829 2788 990 2870 apud
1029 2787 1319 2866 quosdam
1360 2794 1652 2858 auctores,
1698 2789 1985 2850 transisse
2028 2792 2063 2850 εἰ
2091 2792 2207 2852 Pa-

203 2875 394 2938 tribus
423 2872 500 2933 ad
528 2871 780 2952 plebem,
832 2865 1337 2948 undecimumque
1388 2867 1692 2930 tribunum
1732 2869 1923 2950 plebis
1966 2875 2210 2951 coopta-
2265 2945 2273 2953 ,

204 2943 384 3026 tum,b
403 2951 778 3020 seditionem,
824 2956 1042 3010 motam
1063 2969 1160 3012 ,ex
1187 2948 1479 3011 Maeliana
1508 2950 1698 3019 caede,
1724 2949 1989 3020 sedasse,
2036 2949 2209 3010 inve·-

72 3097 103 3118 ,‚
203 3037 323 3099 nio.
373 3033 695 3094 --Ceterum
739 3029 840 3092 vix
867 3029 1153 3092 credibile
1181 3035 1293 3099 est,
1338 3049 1653 3090 numerum
1678 3029 2051 3090 tribunorum
2092 3030 2209 3091 Pa-

147 3119 158 3128 ’
206 3124 330 3179 tres
357 3112 561 3196 augeri
586 3131 812 3192 passos,
855 3110 1041 3190 idque
1067 3108 1459 3190 potissimum,
1514 3109 1851 3189 exemplum
1893 3111 1929 3170 εἴ
1958 3109 2207 3191 patricio
2244 3176 2248 3177 γ

205 3197 443 3260 homine
469 3192 874 3254 introductum
916 3211 935 3261 3
975 3210 1086 3251 nec
1114 3190 1336 3250 deinde
1376 3188 1445 3250 id·
1466 3188 1702 3271 plebem
1730 3209 2082 3250 concessum
2110 3209 2207 3250 se-

205 3278 326 3340 mel
353 3272 700 3342 obtinuisse,
753 3277 862 3332 aut
887 3271 1049 3330 certe
1075 3275 1343 3330 tentasse
1373 3289 1390 3329 ε
1432 3270 1539 3330 sed
1578 3275 1721 3330 ante
1748 3270 1946 3330 omnia
1984 3269 2206 3331 refellit
2232 3273 2271 3318 ἰ

209 3357 424 3417 falsum
449 3353 726 3434 imaginis
750 3351 991 3412 titulum
1017 3349 1227 3431 paucis
1254 3351 1393 3410 ante
1422 3349 1593 3411 annis
1635 3350 1769 3432 lege
1819 3355 2080 3422 cautum,
2126 3369 2205 3411 ne
2284 3422 2289 3426 ἱ

204 3435 460 3494 tribunis
511 3435 800 3525 collegam
849 3437 1126 3508 cooptare
1173 3431 1402 3490 liceret.
1484 3430 1559 3505 Q.
1599 3429 1905 3498 Caecilius,
1956 3431 2027 3504 Q.
2052 3431 2205 3490 Jun-

204 3512 318 3578 ius,
359 3513 524 3573 Sext.
565 3511 850 3580 Titmius,
877 3511 987 3570 soli
1041 3529 1116 3569 ex
1143 3509 1395 3590 collegio
1421 3510 1787 3570 tribunorum
1822 3527 2019 3588 neque
2046 3509 2207 3567 tule-

206 3595 345 3644 rant
371 3589 446 3648 de
473 3591 788 3652 honoribus
816 3589 1076 3650 Minucii
1101 3589 1160 3650 le
1201 3609 1292 3648 em
1324 3608 1341 3660 3
1384 3596 1446 3649 et
1472 3588 1771 3650 criminari
1800 3606 1959 3646 nunc
1989 3587 2202 3646 Minu-

100 3677 114 3689 ·
209 3662 385 3738 cium,
411 3685 570 3727 nunc
600 3669 914 3730 Servilium
943 3669 1102 3750 apud
1129 3690 1169 3749 p
1195 3671 1383 3737 ebem,
1428 3669 1717 3748 querique
1759 3665 2061 3744 indignam
2090 3685 2201 3726 ne-

89 3777 93 3782 ,
207 3753 337 3798 mm
363 3740 560 3832 Maelii
585 3753 705 3808 'non
726 3749 1110 3812 destiterant·
1182 3748 1576 3810 Pet-vicerunt
1600 3747 1797 3830 igitur,
1835 3750 1913 3864 ut
1930 3743 2201 3807 tribuno-

951 3899 1028 3908 ,ιη-

1532 3899 1931 3998 ‘nug-251²*
1946 3878 2043 3964 ⁸3·

343 4056 581 4094 3⁸⁴&
