2400 4109
183 175 304 228 244
685 190 697 203 ⁰
1015 169 1090 228 T.
1120 167 1333 228 LIVH

95 363 101 368 -
181 328 513 471 eelssoributs
562 325 712 410 legis
751 327 947 388 annisi
977 348 993 398 3
1033 327 1119 388 ita
1165 328 1390 404 tribuni
1431 327 1621 410 plebis
1667 347 1883 412 magna
1909 349 1985 389 ex
2010 332 2203 410 parte

183 408 228 467 ii
271 429 364 468 em
409 428 474 467 re
501 407 638 468 ecti.

262 487 487 546 XXVI.
529 485 804 548 Comitiis
843 487 1213 547 tribunorum
1256 487 1510 552 militum
1553 490 1765 549 Patres
1812 494 2043 549 summa
2072 505 2201 566 ope

181 567 509 636 evicerunt,
551 574 618 628 ut
663 568 752 627 M.
781 567 996 628 Furius
1023 567 1320 627 Camillus
1348 575 1700 639 crearetur3
1746 577 1987 650 propter
2026 567 2207 627 bella

182 647 541 708 simulabant
567 646 757 727 parari
789 647 1024 716 ducem,
1053 647 1159 708 sed
1191 648 1488 730 largitioni
1516 649 1852 709 tribuniciae
1901 649 2201 710 adversa-

179 728 306 786 rius
333 731 722 807 quan-ebatur.
803 725 960 786 Cum
1005 727 1263 787 Camillo
1291 729 1475 788 creati
1506 728 1731 788 tribuni
1758 728 2005 789 militum
2038 745 2199 786 con-

179 808 364 868 sulari
391 813 699 890 potestate,
729 807 801 864 L.
829 807 1050 866 Furius
1077 807 1455 867 Medullinus
1485 810 1742 877 sextum,
1784 809 1856 868 C.
1882 807 2199 876 AEmilius‚

181 888 256 946 L.
285 887 560 947 Valerius
588 886 915 955 Publicola,
957 888 1060 967 Sp.
1086 887 1447 958 Postumius,
1488 889 1557 946 P.
1586 888 1904 953 Cornelius
1942 887 2197 948 iterum.

178 967 482 1046 Principio
509 966 648 1024 anni
671 966 895 1026 tribuni
937 967 1127 1046 plebis
1155 967 1301 1027 nihil
1330 973 1665 1037 moverunt,
1704 967 1897 1026 donec
1928 968 2018 1026 M.
2060 969 2196 1026 Fu-

180 1047 306 1105 rius
355 1045 646 1106 Camillus
693 1045 758 1105 in
785 1046 1072 1114 Faliscos,
1117 1047 1231 1106 cui·
1268 1047 1330 1106 id
1376 1041 1597 1108 bellum
1647 1047 1990 1107 mandatum
2034 1053 2194 1116 erat,

223 1126 706 1197 roficiscereturJ
747 1126 1078 1186 differendo
1119 1127 1340 1186 deinde
1369 1127 1638 1208 elanguit
1668 1147 1811 1187 res:
1852 1134 1915 1186 et
1957 1126 2196 1185 Camil-

178 1147 256 1275 fo,
283 1225 460 1286 quern
489 1205 894 1266 adversarium
925 1206 1178 1277 maxime
1206 1210 1568 1276 metuebant,
1622 1205 1809 1288 gloria
1834 1207 1897 1266 in
1928 1206 2191 1266 Faliscis

169 1287 389 1346 crevit.
469 1287 650 1354 Nam,
681 1305 862 1364 quum
890 1286 1080 1364 primo
1103 1286 1399 1346 moenibus
1427 1307 1491 1346 se
1524 1287 1725 1346 hostes
1745 1293 2037 1355 tenerent,
2083 1291 2193 1345 tu-

181 1366 478 1426 tissimum
507 1366 568 1424 id
594 1365 731 1435 rati,
779 1365 1157 1446 populatione
1204 1385 1476 1446 agrorum
1525 1373 1705 1446 atque
1731 1365 2025 1426 incendiis
2067 1365 2193 1424 vil-

177 1447 372 1506 larum
401 1444 598 1526 co'egit
638 1435 739 1504 eos
767 1465 800 1504 e
843 1445 970 1504 redi
1005 1447 1152 1505 urbe
1182 1465 1198 1516 ;
1240 1447 1347 1506 sed
1395 1447 1575 1506 timor
1626 1445 1862 1532 longiuS
1902 1445 2189 1526 progredi

181 1525 496 1608 prohibuit.
577 1525 758 1585 Mille
832 1545 930 1584 ere
983 1544 1267 1606 passuum
1296 1529 1369 1586 ab
1424 1525 1641 1607 oppido
1696 1532 1893 1586 castra
1936 1527 2185 1596 locant3

182 1607 353 1665 nulla
401 1627 466 1664 re
495 1604 616 1665 alia
643 1604 901 1664 fidentes
927 1606 1174 1664 ea*.satis
1220 1613 1355 1666 tuta
1394 1625 1545 1676 esse,
1593 1607 1776 1684 quam
1824 1605 2187 1664 difficultate

185 1686 405 1753 aditus,
432 1683 658 1765 asperis
686 1684 1169 1764 confragosisque
1219 1685 1399 1754 circa,
1448 1693 1512 1744 et
1559 1685 1773 1766 partim
1802 1685 2003 1754 arctis»,
2043 1705 2187 1764 par·

185 1765 293 1825 tim
321 1763 524 1823 arduis
552 1764 683 1824 viis.
763 1765 1052 1824 Ceterum
1081 1764 1394 1834 Camillus,
1443 1765 1744 1844 captivum
1798 1765 2059 1823 indicem
2110 1783 2191 1823 ex

187 1844 342 1924 agris
369 1847 614 1901 secutus
657 1843 898 1920 ducem,
940 1844 1151 1902 castris
1179 1845 1371 1902 multa
1398 1851 1573 1904 noete
1603 1843 1797 1912 motis,
1824 1843 2018 1923 prima
2044 1844 2189 1902 luce

185 1923 492 2003 aliquanto
518 1921 916 2002 superioribus
943 1923 1091 1980 locis
1133 1941 1198 1981 se
1227 1923 1507 1982 ostendit.
1588 1922 1906 1982 Trifariam
1930 1923 2192 1982 Romani

186 2003 580 2072 muniebant3
647 2001 801 2061 alius
855 2001 1154 2061 exercitus
1209 2002 1427 2082 proelio
1475 2004 1745 2062 intentus
1798 2004 2010 2062 stabat.
2093 2003 2192 2064 Ibi

187 2082 478 2162 impedire
519 2102 665 2162 opus
707 2087 952 2141 conatos
977 2081 1176 2142 hostes
1218 2081 1419 2144 fundit
1458 2083 1789 2164 fugatque3
1828 2087 2192 2160 tantumque

185 2164 330 2224 inde
382 2163 616 2241 pavoris
644 2161 894 2222 Faliscis
922 2161 1210 2242 injectum
1260 2168 1372 2231 est,
1419 2168 1506 2232 ut,
1560 2163 1748 2222 effusa
1796 2161 1938 2242 fuga
1988 2172 2195 2222 castra

191 2263 316 2312 sua,
344 2262 480 2321 quae
507 2242 778 2322 propiora
825 2248 1013 2311 erant,
1065 2240 1320 2320 praelati,
1371 2245 1576 2301 urbem
1623 2244 1915 2322 peterent.
1997 2241 2194 2302 Multi

193 2323 331 2384 c'aesi
379 2321 816 2400 vulneratique,
869 2322 1211 2400 priusquam
1257 2328 1543 2402 paventes
1581 2321 1776 2401 portis
1802 2321 2145 2380 inciderent
2174 2343 2196 2393 3

195 2409 392 2463 castra
419 2407 594 2481 capta
623 2421 640 2470 3
682 2401 892 2481 praeda
941 2401 1015 2460 ad
1045 2406 1377 2479 quaestores
1405 2400 1648 2462 redacta
1675 2421 1807 2460 cum
1834 2420 2053 2482 magna
2078 2401 2196 2460 mi·

189 2483 363 2542 litum
393 2481 482 2542 ira
511 2499 528 2539 z
553 2479 694 2550 sed,
737 2479 1056 2541 severitate
1077 2480 1311 2560 imperii
1336 2480 1501 2550 victi,
1538 2481 1787 2542 eandem
1814 2481 2097 2541 virtutem
2129 2486 2197 2542 et

193 2561 462 2630 oderant,
491 2567 554 2620 et
581 2559 962 2620 mirabantur.
1045 2561 1291 2620 Obsidio
1318 2561 1459 2621 inde
1485 2561 1667 2630 urbiS,
1722 2567 1783 2620 et
1810 2560 2195 2631 munitiones,

109 2655 114 2664 “
195 2649 256 2700 ct
296 2639 597 2701 interdum
639 2659 748 2720 per
787 2641 1155 2700 occasionem
1199 2639 1459 2720 impetus
1499 2641 1926 2732 oppidanorum
1976 2641 2037 2701 in
2067 2643 2197 2701 Ro-

193 2720 430 2780 manas*
453 2718 757 2794 stationes,
813 2717 1148 2799 p'roeliaque
1196 2739 1382 2798 parva
1433 2719 1611 2792 fieri3
1654 2729 1717 2782 et
1760 2720 1873 2781 teri
1934 2727 2197 2801 tempus,

195 2799 412 2860 neutro
437 2797 728 2858 inclinata
757 2817 907 2878 spat
949 2815 1131 2877 quum
1185 2799 1550 2859 frumentum
1600 2801 1909 2882 copiaeque
1936 2801 2073 2863 alise
2116 2821 2196 2864 ex

196 2884 626 2941 anteconvecto
652 2879 878 2960 largius
933 2877 1204 2948 obsessis,
1252 2897 1329 2958 qu
1341 2881 1432 2938 :im
1459 2880 1883 2950 obsidentibus,
1910 2887 2201 2962 suppete-

198 2967 352 3021 rent.
431 2959 880 3037 Videbaturque
910 2960 1082 3038 aeque
1107 2959 1427 3019 diuturnus
1473 2961 1710 3020 futurus
1712 2963 1920 3098 elabor,
1970 2981 2041 3020 ac
2071 2963 2199 3021 Ve-

188 3042 274 3120 jis
301 3040 512 3100 fuisset
541 3059 558 3109 3
599 3038 661 3098 ni
693 3039 932 3098 fortuna
982 3039 1323 3118 imperatori
1366 3041 1633 3100 Romano
1682 3059 1710 3100 s
1736 3042 1856 3100 mul
1898 3046 1962 3100 et
1988 3043 2199 3134 cogni-

199 3129 318 3260 tlaed
333 3123 510 3180 rebus
540 3119 782 3180 bellicis
827 3118 1066 3179 virtutis
1107 3120 1410 3198 specimen
1458 3126 1519 3179 et
1562 3128 1851 3181 maturam
1881 3120 2233 3195 victoriam¹

202 3221 222 3259 ι
247 3222 278 3259 e
325 3201 484 3260 isset.
1744 3223 1749 3226 ·
2154 3218 2159 3223 ·

280 3280 540 3338 xxvss.
579 3279 722 3337 Mos
762 3283 890 3336 erat
917 3277 1188 3347 Faliscis,
1242 3279 1450 3340 codem
1482 3279 1757 3361 magistro
1784 3281 2103 3340 liberorum
2135 3289 2203 3344 et

107 3405 110 3408 ⁴
203 3359 418 3420 comite
445 3360 580 3417 uti:
623 3357 923 3436 simulque„
959 3358 1160 3437 plures
1192 3361 1376 3438 pueri,
1430 3361 1588 3438 quod
1630 3361 1805 3420 hodie
1846 3362 2197 3440 quoque-'in

203 3434 442 3497 Graecia
475 3443 694 3506 manet,
743 3437 918 3495 unius
947 3457 1106 3496 curae
1151 3437 1665 3498 demandabantur
1692 3461 1710 3510 ;
1754 3440 2093 3522 principum
2123 3443 2195 3501 li-

197 3513 388 3585 beros,
431 3516 590 3574 sicut
614 3515 739 3576 fere
765 3516 854 3584 fit,
896 3516 1020 3594 qui·
1043 3515 1295 3575 scientia
1324 3517 1637 3578 videbatur
1666 3521 2030 3600 praecellere,
2059 3541 2201 3581 eru-

203 3587 432 3648 diebat..
502 3595 576 3652 ls-
636 3615 772 3653 uum
802 3595 866 3653 in
888 3615 1032 3674 pace
1073 3594 1435 3656 ins⁴ituisset
1463 3618 1673 3676 pueros
1700 3607 1837 3660 ante
1866 3602 2073 3660 urbem
2103 3601 2201 3659 lu·

172 3732 179 3740 K
203 3681 302 3718 sus
331 3616 770 3755 exercendique
799 3681 976 3732 causa
1010 3674 1333 3752 producere
1358 3696 1374 3745 ;
1416 3677 1563 3734 nihil
1614 3699 1683 3737 eo
1712 3699 1873 3738 more
1902 3699 2011 3757 per
2052 3681 2202 3740 belli

201 3743 434 3822 tempus
461 3751 814 3824 intermisso,
855 3758 1012 3824 tum,
1052 3753 1227 3824 modo
1254 3754 1637 3834 brevioribus,
1689 3759 1867 3818 modo
1916 3759 2205 3840 longiori-

349 4047 668 4078 *us-„-
