2400 4109
192 190 268 246 98
303 199 308 202 ·
1037 169 1114 239 Τ.
1141 133 1358 240 ῙᾸΙἮΙ

190 343 282 426 gis
329 347 536 402 auctor
575 341 848 402 tribunus
877 339 1177 410 existeret,
1222 345 1589 422 occuparent
1610 333 1826 400 'Patres
1872 335 1993 422 ipsi
2017 335 2211 402 suffia

193 441 410 484 munus
435 423 674 483 facere:
744 421 1047 502 captivum
1069 441 1105 480 a
1175 441 1277 480 um
1304 421 1467 502 plebi
1494 420 1673 500 quam
1702 421 1958 480 maxime
1990 439 2209 498 aequa-

200 503 344 562 liter
371 503 629 571 darent3
693 519 902 562 verum
929 521 1080 570 esse,
1147 504 1322 561 abere
1366 521 1486 570 eae,
1513 521 1761 580 quorum
1805 500 2099 594 sanguine
2130 519 2209 559 ae

170 583 421 642 sudore
447 589 656 662 partus
684 581 782 640 sit.
855 580 1190 662 ,Aspernati
1238 583 1449 641 Patres
1488 587 1667 640 sunt=
1732 585 2211 658 questi-quoque

197 663 462 741 quidam,
488 662 672 721 nimia
699 659 888 742 gloria
917 661 1218 720 luxuriare
1248 670 1309 720 et
1336 681 1688 722 evanescere
1709 659 1975 720 vividum
2004 679 2211 738 quon-³

189 743 326 802 dam
356 743 508 802 illud
539 741 820 800 Kaesonis
868 738 1195 822 ingenium.
1278 741 1483 802 Nullae
1532 742 1751 801 deiude
1796 743 2044 799 urbanae
2074 739 2213 798 fac-

187 823 386 883 tiones
411 822 598 881 fuere.
679 823 1066 880 Vexabantur
1095 820 1533 881 incursionibus
1560 823 1899 901 AEquorum
1948 817 2165 878 Latini
2190 837 2214 887 3

187 904 262 962 eo
289 923 426 969 cum
452 900 718 960 exercitu
761 901 940 961 Kaeso
979 901 1215 970 missus,
1243 901 1305 960 in
1335 901 1594 981 ipsorum
1625 903 1961 979 AEquorum
1988 918 2209 980 agrum

187 982 674 1062 depopulandum
729 981 964 1041 transit.
1091 980 1279 1060 AEqui
1336 1002 1405 1041 se
1444 979 1508 1040 in
1564 980 1782 1062 oppida
1824 983 2214 1060 receperunt,

186 1061 496 1140 murisque
541 1081 605 1120 se
649 1065 974 1122 tenebant:
1043 1080 1115 1120 eo
1161 1061 1333 1122 nulla
1379 1081 1580 1142 pugna
1626 1059 2027 1123 memorabilis
2068 1057 2210 1118 fuit.

191 1145 280 1200 At
310 1143 345 1200 a
377 1143 630 1221 Vejente
659 1143 829 1202 hoste
859 1140 1064 1202 clades
1094 1149 1347 1220 accepta
1394 1139 1737 1202 temeritate
1783 1139 2029 1200 alterius
2060 1158 2211 1197 con-

191 1221 380 1292 sulis3
441 1229 763 1300 actumque
793 1223 870 1280 de
901 1221 1169 1280 exercitu
1198 1221 1373 1290 foret,
1400 1221 1462 1280 ni
1494 1223 1572 1279 K.
1598 1222 1819 1281 Fabius
1846 1220 1911 1280 in
1936 1225 2213 1298 tempore

190 1301 458 1361 subsidio
486 1301 768 1360 venisset.
851 1301 942 1359 Ex
971 1321 1052 1378 eo¹
1073 1307 1340 1379 tempore
1368 1321 1564 1379 neque
1613 1321 1730 1382 pax
1757 1321 1955 1379 neque
1979 1298 2242 1358 bellum.

193 1401 328 1441 cum
361 1380 715 1461 VeJentibus
743 1379 898 1451 fuit3
965 1399 1060 1439 res
1089 1381 1357 1460 proxime
1403 1381 1655 1440 formam
1696 1379 1996 1442 latrocinii
2024 1398 2246 1441 vene--

191 1469 306 1522 rat.
389 1461 750 1542 Legionibus
798 1459 1086 1520 Romanis
1115 1461 1411 1522 cedebant
1436 1461 1499 1520 in
1528 1465 1779 1532 urbem3
1840 1461 1939 1520 ubi
1983 1458 2215 1518 abduc-

191 1549 289 1602 tas
338 1547 652 1602 senserant
694 1539 978 1622 legioneS,
1020 1561 1191 1600 aoros
1219 1541 1649 1611 incursabant;
1708 1542 1935 1601 bellum
1984 1539 2215 1618 quiete,

195 1623 461 1699 quietem
503 1621 658 1680 bello
699 1620 761 1680 in
805 1620 999 1680 vicem
1029 1587 1363 1682 eludentes·
1445 1622 1541 1682 Ita
1588 1641 1787 1701 neque
1835 1619 2033 1680 omitti
2080 1626 2216 1678 tota

193 1721 452 1770 res‚.nec
481 1699 688 1779 perfici
717 1708 988 1780 poterat3
1058 1708 1120 1760 et
1146 1701 1265 1763 alia
1290 1700 1451 1761 bella
1496 1709 1603 1762 aut
1645 1699 1971 1782 praesentia
2018 1698 2215 1758 insta·
2273 1773 2289 1780 Ὦ
2384 1766 2391 1792 J

195 1783 362 1848 bant,
389 1787 458 1838 ut
477 1782 549 1838 ab
571 1781 654 1838 AE
697 1779 792 1838 uis
831 1780 1211 1860 Volscisque,
1251 1801 1369 1840 non
1397 1781 1649 1849 diutine,
1672 1781 1854 1861 quam
1874 1799 2088 1840 recens
2106 1779 2216 1838 do-

196 1859 289 1918 lor
316 1858 602 1939 proximae
633 1877 666 1916 c
695 1858 826 1917 adis
853 1859 1156 1928 transiret,
1202 1861 1690 1939 quiescentibus:
1760 1866 1867 1922 aut
1904 1879 2042 1920 mox
2087 1879 2217 1918 mo-

201 1946 374 1998 turos
418 1957 483 1997 se
524 1940 847 2016 apparebat
901 1939 1149 1998 Sabinos
1193 1959 1429 2020 semper
1475 1939 1746 2010 infestoS,
1792 1941 2221 2018 Etruriamque

202 2036 458 2078 omnem.
541 2015 660 2076 Sed
690 2018 914 2097 Vejens
957 2017 1162 2088 hostis,
1189 2019 1469 2080 assiduus
1518 2021 1725 2102 magle,
1773 2020 2221 2101 quzim‘graviS,

203 2097 585 2158 contumeliis
629 2098 874 2178 saepius,
904 2100 1082 2180 quam
1113 2099 1402 2180 periculo,
1428 2101 1657 2161 animos
1686 2101 1985 2182 agitabat:
2054 2100 2225 2177 quod

205 2179 376 2238 nullo
403 2186 670 2259 tempore
700 2178 921 2260 negligi
991 2188 1201 2251 oterat,
1229 2191 1334 2242 aut
1360 2181 1549 2242 averti
1578 2181 1695 2240 alio
1724 2181 1972 2240 sinebat.
2054 2179 2225 2238 Tum

203 2259 394 2324 Fabia
420 2279 568 2344 gens
595 2267 867 2318 senatum
890 2280 925 2319 a
969 2259 1077 2330 iit3
1120 2262 1330 2322 consul
1338 2281 1465 2400 fpro
1493 2269 1672 2342 gente
1698 2261 1996 2340 loquitur:
2036 2271 2072 2296 ιι
2097 2261 2223 2318 As-

214 2338 388 2399 siduo
436 2337 644 2418 magis,
671 2339 854 2416 quam
898 2361 1132 2420 magno,
1157 2342 1335 2422 praesi
1381 2341 1457 2412 io,
1504 2350 1575 2402 ut
1600 2341 1788 2410 scitiS,
1816 2343 2026 2400 Patres
2076 2355 2225 2398 con*

215 2418 445 2498 scripti,
492 2418 715 2476 bellum
762 2420 990 2510 Vejens
1031 2429 1184 2502 eget.
1268 2423 1392 2482 Vos
1433 2422 1551 2483 alia
1590 2423 1751 2500 bella
1788 2428 2036 2502 curatez
2104 2419 2226 2478 Fa-

211 2497 344 2556 bios
381 2499 582 2556 hostes
625 2496 978 2577 Vejentibus
1032 2502 1192 2561 date.
1275 2504 1575 2564 Auctores
1624 2521 1846 2571 eumue,
1897 2507 2087 2560 tutam
2142 2498 2228 2558 ibi

213 2579 592 2656 majestatem
618 2577 876 2639 Romani
901 2581 1161 2640 nominis
1187 2581 1334 2642 fore.
1415 2584 1705 2644 Nostrum
1748 2581 1811 2642 id
1841 2579 2007 2640 nobis
2056 2578 2227 2639 velut

216 2654 512 2715 familiare
535 2657 779 2726 bellum,
804 2659 1039 2739 privato
1067 2668 1307 2741 sumptu
1329 2684 1535 2745 gerere
1561 2665 1627 2724 in
1654 2663 1849 2724 animo
1877 2665 1987 2721 est.
2068 2659 2226 2718 Res-

211 2735 462 2818 publica
508 2742 572 2795 et
617 2736 810 2798 milite
836 2739 963 2799 illic
993 2748 1057 2800 et
1089 2739 1613 2822 pecunitr‘vacetss?
1698 2741 1920 2802 Gratiae
1947 2739 2229 2818 ingentes

224 2821 401 2876 actae.
483 2815 711 2876 Consul
741 2819 772 2876 ὲ
801 2819 968 2880 curia
993 2841 1291 2904 egressus),
1338 2825 1661 2886 comitante
1690 2821 1998 2884 Fabiorum
2034 2819 2233 2898 agmi-

225 2916 324 2964 ne,
352 2895 459 2974 qui
485 2895 551 2955 in
579 2896 874 2958 vestibulo
917 2903 1124 2972 curiae,
1167 2905 1753 2966 senatusconsultum
1796 2903 2234 2981 exspectantes,

229 2981 546 3068 steterant,
571 2975 816 3038 domum
841 2979 1042 3051 rediit.
1120 2985 1154 3044 J
1159 2984 1285 3044 ussi
1312 2987 1525 3046 armati
1557 2991 1794 3066 postero
1818 2980 1915 3041 die
1942 2978 2019 3040 ad
2044 2978 2235 3040 limen

211 3056 495 3140 ⁴consulis
521 3056 752 3128 adesse,
778 3059 984 3122 domos
1009 3063 1152 3134 inde
1182 3064 1523 3124 discedunt.

313 3135 543 3197 XLIX.
581 3135 800 3198 Manat
825 3147 954 3202 tota
980 3146 1126 3203 urbe
1153 3165 1386 3204 rumor:
1446 3144 1667 3217 Fabios
1688 3143 1764 3203 ad
1794 3141 2010 3201 ceelum
2034 3137 2237 3200 laudi-

315 3236 346 3275 s
372 3215 594 3276 ferunt.
677 3217 995 3282 Familiam
1021 3243 1200 3284 unam
1233 3226 1467 3285 subisse
1494 3223 1755 3285 civitatis
1782 3241 1932 3282 onus
1952 3220 2239 3300 (Veiens

227 3295 456 3355 bellum
481 3294 546 3355 in
571 3295 867 3387 privatam
895 3322 1119 3375 curam,
1143 3304 1209 3364 in
1236 3303 1471 3384 privata
1495 3325 1660 3364 arma
1684 3288 1943 3364 versuin.
2024 3300 2089 3358 Si
2110 3301 2235 3362 sint

237 3369 372 3433 duae
399 3377 621 3467 roboris
649 3380 918 3457 ejusdem
947 3383 1010 3443 in
1037 3387 1182 3444 urbe
1208 3390 1419 3465 gentes
1443 3404 1461 3454 3
1522 3385 1867 3466 deposcant,
1890 3382 2021 3440 haec
2058 3379 2236 3440 Vols-

241 3463 343 3506 cos
369 3456 522 3523 sibi,
547 3456 655 3516 illa
682 3459 958 3538 AEquos:
1031 3465 1251 3544 popu-lo
1298 3465 1569 3526 Romano
1614 3460 1998 3542 tranquillam
2022 3479 2235 3538 pacem

240 3535 470 3617 agente,
497 3552 704 3596 omnes
732 3537 1021 3603 finitimos
1067 3541 1259 3624 subigi
1284 3546 1533 3625 populos
1575 3563 1767 3626 posse.
1847 3536 2013 3598 Fabii
2039 3547 2238 3617 poste-

239 3619 310 3658 -ro
337 3605 434 3662 die
461 3627 626 3672 arma
653 3618 935 3700 capiunt3
991 3623 1114 3704 quo
1131 3623 1284 3703 jussi
1316 3632 1506 3696 erant,
1534 3621 1908 3686 conveniunt.
1990 3616 2241 3692 Consul,

207 3743 210 3746 .
240 3678 561 3754 Paludatus
588 3697 923 3773 egrediens,
947 3702 1015 3764 in
1039 3704 1338 3766 vestibulo
1383 3711 1622 3789 gentem
1669 3717 1903 3780 omnem
1942 3717 2137 3770 fluam·
2151 3702 2242 3764 ih*
2284 3775 2291 3782 ,
