2400 4109
200 116 280 173 50
435 162 440 167 .
1047 109 1124 169 Τ.
1151 109 1367 172 len

197 270 452 331 vertisse
479 268 854 350 superbiam3
921 274 984 330 et
1020 268 1343 331 liberorum
1370 288 1611 362 quoque
1661 288 1799 329 eum
1846 267 2219 350 frequentiae

200 350 472 419 taedere;
512 356 596 417 ut,
635 368 817 427 quam
849 348 914 409 in
967 350 1132 410 curia
1157 348 1547 413 solitudinem
1586 348 1819 419 fecerit,
1872 348 2040 409 domi
2062 372 2221 431 quo·

201 450 321 521 que
347 428 566 499 faciat3
622 448 699 489 ne
727 448 910 507 quam
937 429 1206 510 stirpem,
1237 448 1323 489 ne
1348 449 1535 508 quem
1568 428 1872 489 haeredem
1900 430 2071 511 regni
2121 452 2220 491 re-

197 510 456 599 linquat.
537 510 616 568 Se
643 508 905 587 quidem,
946 509 1104 569 inter
1141 510 1270 569 tela
1322 514 1385 569 et
1408 508 1640 591 gladios
1682 509 1872 590 patris
1920 508 2223 601 elapsum,

197 587 349 647 nilul
369 608 622 669 usquam
649 588 762 649 sibi
788 595 1004 659 tutum,
1031 590 1146 651 nisi
1189 588 1350 671 apud
1381 589 1583 649 hostes
1612 590 1686 649 L.
1714 588 2053 667 Tarquinii,
2084 610 2221 649 cre-

199 665 452 728 didisse.
531 668 711 737 Nam,
737 688 815 728 ne
861 676 1149 739 errarent,
1178 689 1417 729 manere
1462 668 1827 737 his-bellum,
1860 666 2021 747 quod
2050 670 2221 749 posi-

196 750 332 807 tum
361 748 676 808 simuletur
698 768 717 818 ;
757 756 822 808 et
847 769 954 829 per
981 748 1358 809 occasionem
1385 769 1522 809 eum
1542 746 2220 809 incautos'invasurum.

201 826 382 901 Quod
405 828 458 887 si
485 827 645 919 apud
671 848 774 889 eos
801 828 1170 910 supplicibus
1198 830 1369 888 locus
1396 840 1517 888 non
1546 826 1645 895 sit,
1670 832 2118 907 pererraturum
2146 848 2219 888 se

199 924 378 968 omne
406 908 686 979 Latium3
726 909 1100 988 Volscosque
1145 928 1211 969 se
1236 908 1399 977 inde,
1428 914 1493 967 et
1515 907 1773 987 AEquos,
1822 912 1886 965 et
1914 906 2221 967 Hernicos

197 984 528 1065 petiturum
553 1007 570 1056 3
611 987 803 1049 donec
830 989 910 1050 ad
937 1008 1042 1047 eos
1061 987 1391 1069 perveniat,
1414 984 1519 1063 qui
1548 986 1583 1043 εὶ
1603 991 1841 1065 patrum
1868 985 2219 1047 crudelibus

199 1071 384 1143 atque
449 1066 648 1146 impiis
707 1068 1019 1149 suppliciis
1071 1078 1134 1128 te
1175 1085 1279 1125 ere
1321 1064 1541 1125 liberos
1598 1064 1811 1124 sciant.
1932 1066 2217 1127 Forsitan

200 1144 385 1205 etiam
411 1146 642 1206 ardoris
682 1147 913 1225 aliquid
940 1148 1018 1207 ad
1037 1148 1132 1214 bel
1161 1164 1265 1204 um
1284 1161 1569 1223 armaque
1591 1164 1656 1204 se
1684 1144 1974 1205 adversus
2000 1164 2215 1227 super-

197 1222 511 1285 bissimum
552 1246 754 1317 regem
809 1246 880 1286 ac
933 1224 1371 1284 ferocissimum
1422 1224 1711 1305 populum
1762 1224 2218 1285 inventurum.”

201 1303 420 1378 Quum,
443 1305 494 1363 si
521 1303 670 1364 nihss
711 1311 1106 1372 morarentur,
1141 1303 1417 1363 infensus
1448 1304 1541 1363 ira
1568 1304 1748 1385 porro
1772 1303 1917 1364 inde
1944 1304 2217 1367 abiturus

196 1382 524 1453 videretur,
549 1382 805 1465 benigne
849 1386 926 1443 ab
953 1382 1202 1443 Gabinis
1231 1383 1365 1442 exci
1405 1382 1570 1454 itur-3
1626 1389 1839 1443 vetant
1890 1384 2112 1461 mirari,
2141 1386 2216 1457 si,

201 1461 400 1543 qualis
427 1463 492 1523 in
526 1462 942 1543 civessqualis
965 1462 1271 1532 insocios,
1298 1470 1361 1523 ta
1386 1462 1439 1522 is
1482 1463 1560 1523 ad
1586 1464 1865 1523 ultimum
1902 1464 1967 1525 in
1994 1464 2217 1526 liberos

203 1549 383 1604 esset.
445 1544 520 1603 In
556 1562 622 1602 se
642 1543 839 1624 ipsum
865 1542 1167 1625 postremo
1189 1542 1558 1612 saeviturum,
1586 1543 1639 1603 si
1666 1542 1785 1603 alia
1809 1543 2048 1605 desint.'
2089 1546 2219 1606 Sibi

201 1624 348 1683 vero
373 1630 607 1706 gratum
645 1624 970 1685 adventum
997 1624 1126 1703 ejus
1155 1642 1287 1683 esse
1316 1642 1334 1681 ε
1374 1622 1763 1703 futurumque
1790 1623 2039 1683 credere
2078 1628 2219 1687 bre-

203 1702 284 1771 vi,
310 1709 398 1772 ut,
425 1703 532 1763 illo
573 1703 916 1773 ad'uvante,
953 1705 1027 1763 ab
1053 1703 1241 1783 portis
1270 1700 1521 1763 Gabinis
1549 1706 1658 1763 sub
1688 1705 1957 1764 Romana
1992 1706 2219 1781 incenia

201 1782 428 1843 bellum
454 1788 620 1845 trans
647 1789 866 1847 eratun

287 1861 454 1921 LIV.
535 1861 688 1923 Inde
728 1862 792 1922 in
833 1862 1090 1923 concilia
1128 1861 1369 1943 publica
1408 1862 1715 1932 adbiberi3
1760 1863 1877 1931 ubi,
1918 1861 2107 1944 quum
2137 1866 2218 1927 de

206 1941 341 2002 aliis
369 1944 542 2005 rebus
569 1941 860 2002 assentire
887 1962 954 2003 se
982 1943 1281 2002 veteribus
1311 1940 1559 2001 Gabinis
1586 1940 1834 2009 diceret,
1860 1944 2081 2020 'quibus
2119 1946 2219 2006 hae

211 2022 472 2082 notiores
499 2026 722 2090 essent,
767 2020 896 2103 ipse
923 2022 1257 2083 identidem
1295 2019 1439 2080 belli
1467 2026 1675 2081 auctor
1702 2038 1855 2091 esse,
1896 2022 1959 2081 in
2005 2040 2077 2081 eo
2100 2023 2219 2085 sibi

207 2102 572 2183 praecipuam
597 2100 978 2183 prudentiam
1005 2122 1327 2171 assumere,
1357 2101 1519 2180 qued
1568 2100 1880 2180 utriusque
1896 2102 2105 2184 populi
2123 2104 2217 2163 vi-

207 2202 305 2243 res
327 2189 553 2253 nosset,
575 2182 892 2261 sciretque,
920 2182 1174 2242 invisam
1201 2180 1473 2263 profecto
1490 2182 1824 2264 superbiam
1846 2202 1911 2241 re
1953 2182 2071 2242 ‘am
2086 2184 2215 2245 civ-

207 2262 342 2336 ibus
369 2283 522 2333 esse,
543 2284 722 2343 quam
749 2264 906 2324 ferre
925 2282 1002 2321 ne
1021 2260 1191 2321 liberi
1214 2262 1459 2341 quidem
1479 2267 1837 2353 potuissent.
1912 2203 2013 2323 {lta
2026 2284 2216 2342 quum

209 2343 432 2410 sensim
459 2344 536 2403 ad
564 2342 976 2409 rebellandum
1011 2339 1302 2422 primores
1350 2342 1719 2415 Gabinorum
1762 2342 2059 2413 incitaret,
2084 2342 2219 2423 ipse

209 2442 347 2483 cum
393 2420 846 2503 promptissimis
884 2424 1176 2501 juvenum
1203 2420 1543 2501 praedatum
1571 2430 1753 2502 atque
1795 2422 1861 2484 in
1888 2422 2217 2503 expeditio·
2266 2434 2279 2440 ‘
2380 2412 2382 2469 ἒ

208 2520 320 2563 nes
345 2502 481 2572 iret,
507 2508 571 2561 et
587 2501 768 2562 dictis
793 2499 1094 2581 factisque
1122 2500 1395 2560 omnibus
1436 2502 1515 2561 ad
1543 2502 1875 2563 fallendum
1901 2503 2217 2564 instructis

205 2601 363 2643 vana
389 2583 778 2642 accresceret*
813 2581 984 2651 fides,
1012 2581 1135 2640 dux
1161 2580 1239 2640 ad
1294 2581 1574 2641 ultimum
1614 2583 1761 2642 belli
1802 2582 2041 2663 legitur.
2125 2582 2216 2644 Ibi

249 2682 412 2731 uum,
437 2661 629 2723 inscia
667 2660 1057 2721 multitudine
1107 2659 1253 2738 quid
1285 2668 1580 2741 ageretur,
1605 2661 1820 2741 proelia
1843 2682 2029 2741 parva
2054 2662 2245 2723 inter-

301 2762 458 2802 mam
487 2741 827 2823 Gabiosque
855 2742 1088 2811 fierent,
1109 2740 1327 2818 quibus
1354 2740 1705 2831 plerumque
1729 2739 1968 2801 Gabina
1996 2762 2093 2801 res
2116 2762 2217 2803 su-

249 2821 404 2883 erior
424 2828 622 2892 esset3
661 2828 790 2883 tum
819 2820 1094 2881 certatim
1123 2820 1338 2879 summi
1356 2820 1665 2897 infimique
1690 2818 2057 2881 Gabinorum
2074 2823 2217 2883 Sex.

207 2844 607 2982 ¹l'arquinium
632 2902 789 2963 dono
831 2903 1027 2961 Defim
1055 2898 1165 2959 sibi
1208 2899 1457 2971 missum
1484 2899 1701 2959 ducem
1729 2898 2014 2972 credere3
2056 2922 2091 2962 a
2132 2903 2216 2963 ud

157 3004 162 3007 ·
207 2982 431 3046 milites
459 2986 602 3043 vero
655 2982 926 3043 obeundo
967 2978 1236 3060 pericula
1276 2999 1346 3037 ac
1388 2978 1642 3049 labores
1680 2978 1905 3059 pariter
1946 2924 2216 3061 praessum

207 3063 488 3127 munifice
514 3063 840 3135 largiendo,
882 3067 1055 3121 tanta
1103 3058 1351 3119 caritate
1379 3078 1528 3126 esse,
1576 3066 1645 3117 ut
1679 3074 1813 3118 non*
1845 3066 2019 3139 pater
2058 3062 2214 3123 Tar·-

210 3144 454 3227 q'uinius
479 3142 780 3225 potentior
805 3144 1038 3210 Romae,
1071 3160 1152 3219 qu
1161 3139 1253 3197 :im
1280 3135 1439 3195 filius
1468 3137 1677 3223 Gabiis
1722 3145 1899 3215 esset.
1944 3132 1951 3142 ’
1982 3142 2216 3221 Itaque,
2240 3150 2247 3155 ·

207 3232 526 3308 postquam
555 3222 702 3283 satis
731 3220 946 3283 virium
971 3220 1289 3280 collectum
1330 3215 1406 3275 ad
1434 3236 1643 3281 omnes
1670 3226 1924 3285 conatus
1954 3220 2213 3292 videbat,

207 3313 338 3365 tum
359 3308 391 3365 ὲ
419 3303 542 3364 suis
569 3322 754 3363 unum
781 3299 1154 3362 sciscitatum
1177 3298 1426 3357 Romam
1446 3296 1524 3355 ad
1550 3304 1783 3378 patrem
1814 3299 2017 3369 mittit,
2038 3301 2211 3378 quid-

209 3404 350 3445 nam
376 3404 442 3443 se
488 3383 686 3443 facere
713 3380 947 3442 vellet?
988 3378 1229 3458 quando
1272 3375 1493 3444 uidem,
1535 3384 1604 3437 ut
1652 3380 1852 3439 omnia
1879 3398 2033 3439 unus
2090 3380 2211 3440 Ga-

207 3461 324 3520 biis
349 3468 569 3539 posset‚
597 3462 655 3521 ei
684 3462 785 3523 Dii
805 3459 1185 3522 dedissent-i(
1278 3454 1377 3515 uic
1406 3456 1649 3528 nuncio,
1675 3459 1834 3539 quia,
1862 3458 2060 3525 credo,
2100 3458 2211 3519 du-

210 3536 325 3597 biae
357 3539 498 3598 fidei
547 3541 878 3610 videbatur,
903 3536 1051 3599 nihil
1093 3556 1241 3597 voce
1268 3554 1623 3615 responsum
1652 3546 1745 3602 est
1766 3558 1807 3605 3.
1890 3554 2015 3604 re-x,
2045 3538 2213 3601 velut

209 3613 726 3690 deliberabundus,
768 3621 837 3682 in
878 3612 1115 3681 bortum
1143 3614 1365 3701 aedium
1390 3618 1627 3691 transit,
1654 3622 1944 3697 sequente
1990 3618 2212 3681 nuncio
