2400 4109
29 0 63 108 f

30 241 38 298 ἰ

947 138 972 161 ν
1019 104 1281 218 timii
1308 109 1415 222 l'Jv.
2125 130 2242 192 197

239 287 530 364 pescant,
578 266 960 363 Fidenasque
985 283 1167 367 prope
1194 283 1421 364 s'aepius
1448 290 1671 364 captas,
1725 287 1903 366 quam
1934 247 2238 366 oppugna·

234 373 348 428 taS.
429 365 688 426 Eosdem
715 371 778 426 et
801 365 1101 434 Romanos
1127 369 1190 424 et
1214 363 1415 424 hostes
1438 363 1589 457 esse,
1616 364 1717 458 qui
1742 387 1849 447 per
1894 371 1985 426 tot
2032 367 2239 428 secula

217 438 464 520 ,fuerint
491 465 508 504 :
548 445 791 507 eosdem
817 444 1068 514 animoS,
1085 444 1327 506 easdem
1350 464 1615 526 corporls
1635 465 1811 515 vires,
1838 445 2048 506 eadem
2076 466 2241 506 arma

232 545 440 618 gerere
467 547 487 597 3
527 545 592 589 se
621 544 860 620 quoque
881 524 1138 616 eundem
1154 523 1507 616 dictatorem
1524 521 1723 586 Mam.
1737 525 2062 619 AEmilium
2083 545 2236 619 esse,

233 625 341 685 qul
368 607 510 669 ante
535 605 880 685 VeJentlum
925 604 1439 684 Fidenatiumque,
1484 605 1787 686 adjunctis
1837 606 2108 676 Faliscm,
2154 602 2237 668 ad

235 685 608 752 Nomentum
657 683 956 746 exercitus
1009 682 1273 743 fuderit:
1340 690 1403 744 et
1446 683 1796 768 magistrum
1835 686 2106 765 equitum
2161 687 2239 744 A.

205 779 208 786 '
240 765 584 830 Cornelium
615 763 870 825 eundem
892 763 956 824 in
983 764 1112 834 acie
1136 755 1284 834 fore,
1310 763 1415 844 qui
1439 764 1632 845 priore
1652 765 1813 825 bello
1832 767 2107 828 tribunus
2126 765 2241 824 mi-

233 837 432 915 litum,
453 843 641 907 Larte
667 841 990 904 Tolumnio
1015 863 1156 928 rege
1181 842 1529 930 Vejentium
1554 845 1618 904 in
1641 851 1965 926 conspectu
1985 846 2241 906 duorum

239 923 612 986 exercituum
638 923 855 994 occis0,
877 923 1068 1005 spolia
1087 923 1285 1005 opima
1310 923 1346 984 J
1350 924 1475 984 'ovis
1497 925 1749 986 Feretrii
1774 931 1897 986 tem
1938 925 1999 985 lo
2019 921 2242 986 intule-

241 1003 344 1065 rit.
423 1001 607 1064 Proin
627 1023 936 1075 memore5‚
963 1024 1169 1064 secum
1193 1003 1541 1084 triumphos,
1562 1023 1766 1064 secum
1788 1025 1893 1088 spo
1919 1005 1996 1078 ia,
2036 1024 2244 1066 secum

192 1126 209 1159 .-
247 1083 561 1160 victoriam
589 1103 719 1146 esse
747 1077 787 1154 ς’
807 1103 944 1145 cum
981 1083 1252 1144 hostibus
1292 1085 1491 1144 scelus
1530 1083 1856 1222 Ιεῗῗῒοωω
1904 1091 2114 1147 contra
2139 1087 2245 1166 jus

244 1163 518 1247 ,gentium
543 1162 1009 1234 interfectorum,
1051 1163 1285 1224 caedem
1312 1163 1375 1224 in
1402 1182 1550 1244 pace
1650 1163 1979 1234 idenatium
2008 1165 2245 1227 colono-

243 1263 398 1314 rum,
423 1243 698 1304 inducias
723 1243 948 1325 rupta'S,
977 1243 1289 1326 septimam
1311 1243 1619 1304 infelicem
1638 1241 2062 1314 defectionem,
2084 1264 2248 1306 arma

244 1330 548 1406 caperent.
591 1323 780 1384 Simul
810 1331 1006 1385 castra
1027 1323 1241 1384 castris
1263 1323 1735 1405 conjunxissent,
1758 1323 1900 1401 satis
1923 1323 2243 1393 confidere,

241 1422 356 1466 nec
382 1403 858 1482 sceleratissimis
897 1403 1168 1464 hostibus
1195 1403 1547 1464 diuturnum
1569 1423 1645 1464 ex
1664 1403 1989 1486 ignominia
2016 1403 2245 1464 exerci-

239 1489 342 1546 tus
368 1484 622 1546 Romani
649 1483 932 1564 gaudium
958 1484 1085 1544 fore
1113 1503 1134 1554 ;
1195 1490 1259 1543 et
1328 1483 1567 1564 epulum
1594 1485 1931 1544 Romanum
1968 1483 2248 1544 intellec-

243 1569 465 1635 turum,
492 1571 717 1642 quanto
747 1563 966 1623 melius
993 1562 1070 1622 de
1097 1565 1282 1662 repub
1309 1562 1402 1623 ‘ca
1435 1562 1637 1623 meriti
1664 1562 1805 1632 sint,
1826 1563 1931 1642 qui
1958 1583 2023 1624 se
2050 1563 2245 1623 dicta·

239 1647 433 1705 torem
461 1641 711 1703 tertium
737 1640 1038 1712 dixerint3
1080 1662 1262 1721 quam
1312 1661 1432 1711 eoS,
1480 1641 1607 1721 qui,
1633 1643 1706 1702 ob
1732 1649 2004 1723 ereptum
2032 1659 2249 1702 censu·

245 1745 333 1783 rae
375 1744 441 1783 re
523 1743 644 1790 um,
696 1721 892 1783 labem
942 1722 1227 1782 secundae
1270 1720 1587 1782 dictaturae
1636 1741 1763 1786 suae
1792 1721 2247 1802 imposuerint„

247 1802 423 1864 Votis
492 1800 668 1861 einde
705 1800 1067 1882 nuncupatis
1139 1799 1611 1871 rofectuS,.mille
1641 1808 1704 1862 et
1729 1801 2083 1894 quingentos
2111 1823 2249 1884 pas-

252 1902 359 1944 sus
387 1880 537 1943 citra
577 1879 837 1940 Fidenas
865 1887 1062 1942 castra
1111 1887 1291 1941 ocat:
1333 1882 1546 1943 dextra
1586 1885 1904 1953 montibus,
1948 1883 2249 1944 139,νέΤί-

225 1960 376 2026 'beri
398 1980 570 2022 amne
599 1967 823 2040 septus.
903 1962 979 2020 T.
1009 1961 1360 2036 Quinctium
1382 1961 1654 2048 Pennum
1705 1962 1963 2045 legatum
1992 1983 2254 2044 occupa-

247 2063 314 2103 re
342 2047 572 2102 montes
589 2043 784 2123 jubet,
805 2041 1231 2121 occultumque
1252 2041 1315 2100 id
1324 2043 1396 2122 ju
1438 2043 1538 2102 um
1566 2062 1798 2123 capere,
1840 2044 2001 2122 quod
2030 2045 2102 2102 ab
2129 2049 2252 2102 ter-

239 2143 320 2204 go
365 2121 630 2182 hostibus
670 2120 840 2186 foret.
921 2122 1060 2200 Ipse
1111 2126 1351 2200 postero
1392 2063 1509 2190 Ξίθ,
1562 2142 1749 2201 quum
1802 2121 2045 2182 Etrusci
2088 2122 2251 2202 pleni

241 2201 574 2265 animorum
620 2203 694 2263 ab
719 2195 957 2280 pristini
987 2199 1108 2260 diei
1157 2199 1401 2262 meliore
1428 2201 1757 2271 occasione,
1806 2203 1987 2280 quam
2032 2221 2249 2282 pugna,

239 2283 306 2343 in
332 2281 522 2342 aciem
551 2280 1001 2360 processissent,
1029 2285 1348 2340 cunctatus
1374 2301 1710 2372 parumper,
1732 2281 1878 2341 dum
1906 2280 2249 2362 speculato-

240 2383 340 2424 res
367 2361 677 2430 referrent,
705 2359 1055 2433 Quinctium
1083 2359 1345 2420 evasisse
1372 2380 1435 2420 m
1454 2362 1667 2442 jugum
1694 2361 2094 2442 propinquum
2121 2361 2248 2422 arci

253 2441 633 2508 Fidenarum,
688 2439 858 2522 signa
882 2439 1146 2520 profert:
1223 2439 1611 2520 peditumque
1659 2441 1851 2502 aciem
1898 2441 2254 2503 instructam

248 2523 430 2604 pleno
455 2519 645 2601 gradu
688 2519 753 2580 in
794 2520 1021 2582 hostem
1066 2519 1349 2581 inducit:
1391 2521 1670 2602 magistro
1725 2520 1991 2602 equiturn
2037 2521 2257 2602 praeci-

246 2601 356 2684 pit,
411 2611 548 2664 “,ne
593 2597 828 2680 injussu
879 2617 1139 2692 pugnam
1193 2599 1489 2682 incipiat:
1576 2621 1661 2671 se,
1731 2621 1916 2682 quum
1964 2623 2113 2682 opus
2161 2599 2261 2676 sit,

251 2681 520 2761 equestri
573 2679 794 2740 auxilio
849 2699 1082 2761 signum
1130 2669 1459 2752 daturum:
1516 2687 1648 2743 tum
1703 2689 1766 2742 et
1816 2703 2041 2742 memor
2083 2683 2260 2765 regiae

250 2780 489 2844 pugnae,
551 2781 776 2821 memor
803 2761 994 2842 ,opimi
1037 2761 1199 2833 doni,
1261 2761 1623 2842 Romulique
1665 2782 1737 2822 ac
1776 2762 1943 2824 Jovis
1987 2764 2260 2834 Feretrii,

251 2863 384 2902 rem
401 2843 700 2924 gereret.”
781 2841 1079 2922 Legiones
1105 2841 1333 2922 impetu
1357 2842 1589 2923 ingenti
1610 2841 1787 2902 confli
1828 2849 1956 2902 unt.
2011 2845 2261 2903 >Roma-

255 2941 371 2984 nus
394 2920 566 2982 ‘odio'
599 2921 1195 3001 accensuffiimpium
1238 2919 1611 2992 Fidenatem,
1650 2943 1775 3003 prae
1824 2933 1999 2981 onem
2039 2923 2265 3002 Vejen·

258 3007 402 3071 tem,
443 3007 717 3080 ruptores
743 2999 1140 3070 induciarum,
1189 3007 1469 3062 cruentos
1494 3000 1827 3084 legatorum
1866 3001 2117 3062 infanda
2146 3023 2264 3062 cae—

253 3082 353 3151 de,
381 3100 681 3161 respersos
726 3079 1013 3164 sanguine
1061 3081 1403 3142 colonorum
1445 3098 1703 3152 suorum,
1750 3081 2012 3174 perfidos
2053 3082 2265 3151 socios,

254 3161 526 3300 ἱηὼῗίὶεε
567 3161 768 3222 hostes
810 3160 1196 3243 compellans,
1239 3159 1341 3222 fac
1352 3161 1429 3222 tis
1482 3161 1662 3222 simul
1705 3161 2005 3240 dictisque
2063 3160 2266 3225 odium

263 3261 336 3302 ex
407 3247 487 3301 et.
1246 3300 1249 3308 ,
1382 3257 1385 3260 ·

341 3261 640 3380 ξζΧΧΙῙΙ.
721 3321 1128 3382 Concusserat
1208 3321 1360 3381 rimo
1390 3321 1595 3381 statim
1637 3337 1957 3401 congressu
1996 3317 2229 3380 hostem
2248 3341 2268 3382 ς
2356 3327 2372 3346 ⁸

253 3421 444 3482 quum
486 3401 752 3481 repente,
784 3400 1102 3482 patefactis
1196 3401 1510 3476 idenarum
1548 3401 1760 3494 portis,
1803 3419 1959 3458 nova
2002 3401 2267 3482 erumpit

259 3485 442 3550 acieS,
484 3479 756 3543 inaudita
797 3487 937 3542 ante
989 3481 1053 3541 id
1105 3477 1345 3574 tempus
1386 3479 1855 3558 invisitataque3
1896 3477 2133 3558 ignibus
2174 3501 2270 3540 ar·

260 3567 423 3622 mata
475 3561 538 3619 in
583 3581 688 3620 ens
731 3560 1071 3631 multitudo,
1132 3560 1483 3640 facibusque
1502 3557 1871 3618 „ardentibus
1912 3564 2039 3620 tota
2076 3560 2268 3620 collu-

262 3661 428 3710 cens,
469 3661 542 3699 vc
573 3647 640 3698 ut
665 3639 928 3700 fanatico
949 3640 1239 3701 instincta
1274 3659 1473 3708 cursu,
1499 3638 1562 3696 in
1588 3637 1820 3694 hostem
1850 3637 1973 3696 ruit
1991 3659 2013 3698 ε
2055 3640 2272 3698 forma-

257 3741 380 3799 que
435 3719 692 3780 insolitae
746 3715 964 3802 pugnae
991 3721 1310 3858 ἑζιέῃαηοε
1358 3715 1677 3798 parump'er
1724 3715 2037 3776 exterruit.
2110 3713 2270 3772 Tum
2365 3699 2369 3704 ’
