2400 4109
1011 138 1291 211 LIBER·
1304 140 1425 201 111.
1622 89 1629 94 ·
1954 195 1964 199 -
2094 143 2209 202 169

205 299 410 370 eitum,
440 299 578 366 ‘suis
601 300 782 362 etiam
807 300 1397 384 rebus—recuperatis,
1442 320 1583 380 quae
1626 299 2006 382 populatione
2032 321 2209 382 agro-

201 401 336 440 rum
377 380 612 444 amissae
656 393 844 452 erant,
894 383 1209 442 reducunt.
1289 375 1687 462 Triumphum
1726 399 1839 442 nec
1866 380 2026 462 ipses
2066 401 2207 460 pos·

201 462 446 530 tulasse,
498 481 612 522 nec
657 462 926 522 delatum
967 462 1042 522 iis
1081 465 1154 520 ab
1195 467 1440 530 senatu,
1482 461 1751 541 accipio:
1793 465 1905 523 nec
1945 461 2206 531 traditur

202 561 388 602 causa
426 541 610 622 spreti
635 549 742 602 aut
765 563 886 602 non
913 540 1136 622 sperati
1163 541 1416 623 honoris.
1498 542 1627 677 Ego
1664 549 1955 620 quantum
1980 541 2043 610 in
2073 549 2209 602 tan-

199 629 266 681 to
285 622 604 682 intervallo
629 630 965 703 temporum
981 621 1265 702 conjicio,
1306 641 1493 700 quum
1590 623 1773 682 alerio
1800 627 1983 701 atque
2010 622 2219 682 Hom..

199 702 286 761 tio
313 703 676 770 consulibuS,
725 703 831 782 qui
856 708 1076 783 praeter
1117 702 1369 764 Volscos
1412 707 1473 760 et
1498 701 1738 780 AEquos
1780 702 1983 762 Sabini
2025 703 2209 764 etiam

195 782 344 848 belli
371 781 628 862 perfecti
652 782 900 862 gloriam
929 787 1315 862 pepererant,
1359 795 1609 862 negatus
1650 783 1724 842 ab
1751 789 1967 842 senatu
1998 783 2207 843 trium-

200 863 354 942 phus
383 870 562 930 esset,
614 862 992 922 verecundiae
1039 861 1156 920 fuit
1195 883 1303 941 pro
1345 862 1516 940 parte
1554 861 1801 924 dimidia
1842 883 2037 922 rerum
2064 883 2212 922 con-

197 942 432 1002 sulibus
458 943 1090 1022 peterewtriumphumz
1133 961 1211 1000 ne
1238 941 1440 1008 etiam,
1466 940 1516 1000 si
1529 940 1977 1022 impetrassent,
2020 943 2207 1024 magis

197 1021 506 1083 hominum
533 1020 704 1090 ratio,
731 1021 1303 1100 quimmeritorum,
1338 1021 1539 1081 habita
1566 1021 1883 1082 videretur.

219 1137 226 1142 -
284 1102 510 1160 LXXI.
550 1101 878 1164 Victoriam
895 1101 1225 1170 honestam,
1247 1121 1321 1160 ex
1341 1099 1607 1160 hostibus
1623 1107 1871 1180 partam,
1897 1109 2073 1184 turpe
2096 1103 2205 1164 do·
2302 1149 2309 1156 .

199 1181 399 1249 mide
417 1180 635 1242 finibus
664 1182 958 1254 sociorum
994 1179 1295 1261 judicium
1318 1176 1526 1261 populi
1553 1180 1925 1243 deformavit.
2006 1182 2207 1244 Arici·

195 1261 262 1322 ni
287 1268 470 1341 atque
501 1261 808 1323 Ardeates.
821 1262 898 1331 de
926 1261 1204 1352 ambiguo
1297 1281 1359 1320 ro
1386 1274 1571 1340 quum
1598 1280 1765 1342 saepe
1789 1261 1947 1326 bello
1974 1269 2205 1324 certes-

96 1366 119 1390 ω
188 1349 350 1411 sent,
371 1361 373 1366 ·
393 1341 688 1413 multisin
705 1341 908 1402 -vicem
957 1342 1229 1402 cladibus
1280 1341 1417 1410 essi,
1455 1336 1727 1421 judicem
1766 1342 2052 1424 populum
2079 1343 2205 1404 Ro-

197 1442 442 1482 manum
465 1443 700 1514 cepere.
780 1423 980 1496 Quum
1007 1421 1084 1483 ad
1113 1441 1355 1482 causam
1382 1421 1671 1483 orandam
1697 1423 2042 1490 venissent„
2062 1443 2208 1482 con-

201 1501 340 1563 cilio
363 1504 568 1584 populi
599 1504 634 1562 a
659 1503 1102 1584 magistratibus
1128 1501 1291 1572 dato,
1318 1506 1537 1582 magna
1558 1503 1941 1562 contentione
1964 1511 2205 1573 actum3

188 1585 438 1670 jamque
467 1581 646 1642 editis
673 1583 945 1651 testibuS,
987 1601 1173 1660 quum
1197 1583 1389 1642 tribus
1410 1581 1627 1651 vocari,
1656 1587 1719 1644 et
1740 1583 2025 1662 populum
2050 1582 2203 1644 inire

198 1662 548 1743 suffragium
573 1669 894 1742 oporteret,
916 1661 1221 1742 consurgit
1247 1663 1317 1723 P.
1338 1661 1617 1740 Scaptius
1646 1661 1723 1721 de
1751 1661 1942 1740 plebe,
1990 1683 2203 1744 magno

195 1750 346 1804 natu
369 1763 386 1800 a
428 1749 508 1810 et,
536 1753 570 1777 “
592 1741 656 1800 Si
679 1741 1132 1821 licet,”,.inquit‚
1159 1753 1196 1778 “
1221 1741 1516 1809 consules,
1544 1741 1621 1801 de
1648 1741 1955 1822 republica
1978 1741 2201 1814 dicere,

199 1841 398 1882 errare
425 1841 532 1902 ego
552 1821 834 1902 populum
862 1822 926 1880 in
955 1823 1065 1880 hac
1089 1841 1268 1884 causa
1286 1820 1685 1902 nonspatiarss’
1768 1820 1984 1897 Quum,
2006 1829 2073 1884 ut
2094 1845 2201 1884 va-

195 1921 362 1970 num,
400 1921 534 1962 eum
565 1907 848 1983 negarent
876 1902 1148 1967 consules
1175 1901 1542 1963 audiendum
1565 1922 1714 1971 esse,
1740 1901 2199 1964 vociferantem·

198 2002 336 2062 que,
375 1987 416 2018 '⁸‘
429 1981 600 2062 prodi
627 1981 922 2061 publicam
951 1984 1258 2050 causam,”
1287 1983 1621 2042 submoveri
1638 1983 1981 2062 jus-sissent,
2008 1985 2200 2045 tribu-

195 2077 306 2122 nos
333 2063 614 2142 appellat.
695 2061 970 2130 Tribuni,
1016 2068 1086 2122 ut
1121 2062 1245 2124 fere
1274 2059 1506 2141 semper
1531 2070 1819 2142 reguntur
1848 2064 1883 2124 ἃ
1922 2064 2199 2122 multitu-

197 2141 339 2202 dine
365 2143 573 2222 magiS,
615 2143 795 2220 quim
821 2147 1054 2222 regunt,
1082 2141 1303 2200 dedere
1331 2140 1565 2220 cupidae
1593 2141 1878 2201 audiendi
1902 2141 2081 2222 plebi,
2108 2149 2197 2212 ut,

197 2241 334 2301 quse
362 2223 565 2290 vellet,
594 2221 870 2302 Scapt-ius
897 2219 1144 2292 diceret·
1183 2248 1186 2250 v
1226 2221 1315 2300 lbi
1344 2221 1497 2290 infit,
1523 2233 1557 2257 “
1582 2224 1826 2284 Annum
1858 2241 1921 2280 se
1950 2222 2197 2283 tertium

196 2309 258 2362 et
283 2302 709 2384 octogesimum
735 2322 928 2382 agere,
957 2307 1020 2360 et
1046 2301 1108 2359 in
1132 2321 1202 2360 eo
1230 2321 1387 2392 agro,
1434 2301 1511 2360 de
1553 2321 1671 2380 quo
1700 2301 1914 2381 agitur,
1941 2301 2196 2362 militas-

195 2402 277 2452 se,
300 2403 422 2442 non
440 2383 748 2462 juvenem,
775 2380 1058 2440 vicesima
1067 2383 1196 2460 jam
1221 2380 1520 2461 stipendia
1538 2395 1886 2449 merentem,
1908 2402 2089 2460 quum
2113 2381 2193 2442 ad

195 2462 466 2522 Coriolos
493 2461 570 2520 sit
595 2461 900 2521 bellatum.
948 2532 955 2536 ,
979 2462 1070 2521 Eo
1096 2481 1223 2520 rem
1252 2481 1317 2521 se
1343 2465 1641 2520 vetustate
1658 2461 2049 2532 obliteratam,
2090 2483 2192 2522 ce-

189 2545 389 2603 terum
420 2543 546 2602 su'ae
575 2541 879 2617 memoriae
905 2539 1168 2610 infixam,
1194 2541 1438 2602 afferre:
1481 2559 1707 2621 agrum,
1758 2541 1833 2600 de
1858 2562 1975 2620 quo
2003 2541 2191 2602 ambi-

189 2624 369 2704 gitur,
410 2621 618 2682 finium
649 2620 1098 2682 Coriolanorum
1125 2620 1330 2691 fuisse,
1374 2621 1709 2701 capitisque
1738 2621 2010 2693 Coriolis,
2049 2625 2190 2706 jure

189 2704 332 2764 belli
361 2701 664 2783 publicum
689 2701 892 2782 populi
923 2702 1174 2762 Romani
1215 2702 1457 2762 factum.
1538 2701 1753 2762 Mirari
1795 2722 1877 2770 se,
1930 2723 2191 2782 quonam

189 2803 354 2844 more
383 2782 680 2842 Ardeates
708 2781 1080 2862 Aricinique,
1134 2784 1307 2862 cujus
1334 2780 1461 2862 agri
1480 2783 1583 2862 jus
1607 2801 1912 2862 nunquam
1938 2803 2193 2864 usurpa·
2284 2850 2289 2854 ,

188 2864 386 2924 verint
431 2859 1092 2954 incolumikfioriolanfl
1143 2881 1229 2930 re,
1278 2883 1414 2921 eum
1454 2881 1519 2920 se
1561 2863 1597 2920 εἰ
1635 2864 1855 2943 populo
1900 2864 2189 2935 Romano,

187 2963 368 3024 quem
394 2963 503 3023 pro
531 2942 628 3001 dm
773 2937 781 2944 ’
874 2941 1068 3004 dicem
1120 2941 1392 3011 fecerint,
1443 2940 1877 3022 intercepturos
1928 2950 2189 3024 sperent.

190 3023 313 3086 Sibi
343 3022 624 3102 exiguum
676 3037 680 3042 ·
781 3029 786 3036 '
824 3031 1060 3102 tempus
1086 3021 1442 3099 superesset
1464 3041 1591 3080 vnon
1615 3023 1881 3114 potuisse
1902 3043 1968 3082 se
1986 3032 2187 3091 tamen

185 3104 476 3166 inducere
499 3103 564 3161 in
601 3102 882 3172 animum,
900 3100 1073 3181 quin,
1103 3121 1282 3179 quein
1324 3121 1531 3181 agrum
1556 3103 1729 3163 miles
1756 3123 1861 3183 pro
1890 3111 2057 3182 parte
2098 3101 2189 3161 vi-

32 3209 35 3272 ;
115 3179 121 3184 ’
189 3183 286 3244 rili
315 3201 498 3244 mum
525 3182 808 3261 cepisset,
831 3201 966 3242 eum
993 3201 1178 3246 senex
1206 3200 1442 3259 quoque
1468 3201 1636 3252 voce,
1678 3189 1794 3274 qui
1820 3189 1943 3240 una
1972 3186 2189 3261 posset,

188 3263 542 3324 vindicaret.
628 3261 994 3342 Magnopere
1021 3282 1087 3321 se
1109 3261 1361 3322 suadere
1383 3263 1615 3342 populo,
1644 3283 1720 3322 ne
1747 3261 1947 3322 mutili
1963 3261 2189 3340 pudore

190 3364 362 3406 suam
386 3342 517 3422 ipse
544 3361 786 3400 causam
806 3341 1181 3420 damnaret-’⁹

269 3419 529 3502 LXXII.
573 3419 868 3481 Consules
895 3442 1082 3501 quum
1109 3421 1419 3503 Scaptium
1446 3441 1563 3482 non
1592 3418 1831 3500 silentio
1858 3419 2055 3491 modo,
2082 3421 2192 3482 sed

167 3525 326 3581 ‘cum
354 3521 603 3564 assensu
634 3502 832 3568 etiam,
860 3501 1055 3562 audiri
1095 3501 1679 3569 animadvertissent,
1708 3500 1865 3559 Deos
1890 3500 2195 3562 homines-

191 3605 310 3664 que
335 3589 633 3644 testantes
661 3579 951 3662 flagitium
979 3581 1188 3662 ingens
1216 3581 1365 3649 fieri,
1412 3581 1681 3640 Patrum'
1728 3579 1971 3638 timores
1991 3601 2195 3654 arces·-
2228 3649 2233 3654 ‚

187 3671 374 3734 sunt;
414 3683 552 3724 cum
575 3661 670 3720 his
698 3661 1012 3720 circumire
1037 3659 1323 3730 tribunos,
1350 3678 1539 3726 orare,
1579 3669 1630 3712 “.
1700 3678 1733 3716 e
1756 3658 2075 3738 pessimum
2104 3660 2193 3718 fa-

187 3745 362 3807 cinus
387 3745 590 3828 pejore
615 3741 890 3826 exemplo
911 3739 1298 3879 aidinitterent
1312 3737 1572 3820 judices.
1602 3733 1668 3798 in
1682 3756 2007 3802 suam-rem
2028 3737 2193 3794 litem
2252 3785 2260 3794 .
