2400 4109
177 145 297 208 ιω
845 131 852 138 ’
1009 145 1090 206 T.
1129 139 1345 206 mvn
1381 221 1383 223 ,

181 305 474 368 Kalendis
515 305 868 367 Octobribus
914 304 1325 386 magistratum
1352 305 1740 388 occiperentt
1802 325 1985 387 seque
2020 315 2182 372 anu

179 407 314 450 eam
339 386 496 448 diem
525 385 873 468 magistratu
901 386 1271 446 abdicavere.
2014 402 2023 412 “

80 491 176 524 „f‘
257 467 333 526 X.
377 467 450 525 L.
475 465 716 526 Valerio
745 465 940 526 Potito
968 459 1269 544 quartum,
1318 463 1408 525 M.
1436 465 1615 526 Furio
1657 464 1913 526 Camillo
1938 466 2180 540 iterum,

37 3657 114 3678 ”Ι

177 547 272 608 M.
295 545 546 608 AEmilio
568 547 942 606 Mamercino
967 544 1232 615 tertium,
1274 544 1389 606 Cn.
1416 545 1694 606 Cornelio
1723 547 1912 607 Cosso
1936 547 2180 620 iterum,

179 628 268 700 K,
287 627 470 686 Fabio
491 627 802 694 Ambusto,
843 625 916 685 L.
941 626 976 686 J
982 623 1103 684 ulio
1131 626 1284 696 Iulo,
1320 625 1573 686 tribunis
1613 625 1871 686 militum
1900 629 2179 690 consula-

178 707 232 766 ’ἰ
271 704 1033 846 ῗρῒῗΐῆῗεῆκῗὲὲῗωᾶΐὲῗζῖ
1057 704 1409 846 Ἧῖἓῇῖᾳῗῗ
1428 713 1623 846 ΒΞἜ
1640 725 1847 846 ᾞέἳ
1866 707 2181 850 ἵζ’θίωῗ

176 803 654 934 {diffiniet-insiliat
682 864 742 924 in
773 805 1126 934 Volscisfiit
1153 807 1370 926 Arixur
1390 805 1483 925 ἒξ
1493 831 1763 926 liostibus
1790 806 2176 946 τεξυρῖῗέτὲ·

177 955 278 1008 tur
305 967 323 1005 ε
365 952 428 1006 et
449 946 651 1006 Romae
679 945 856 1005 simul
883 945 1142 1014 delectu,
1170 945 1348 1006 simul
1376 944 1597 1006 tributo
1614 944 1995 1014 conferendo,
2012 947 2175 1008 labo—

177 1033 372 1087 ratum
413 1031 508 1085 est
526 1045 545 1083 >z
587 1029 651 1085 et
691 1026 766 1086 de
795 1024 1048 1086 tribunis
1076 1025 1270 1102 plebei
1298 1024 1646 1105 cooptandis
1674 1025 1977 1086 contentio
2002 1026 2139 1088 fuit
2158 1049 2179 1089 z

179 1113 244 1168 et
268 1105 424 1164 baud
451 1125 700 1182 parvum
731 1111 951 1165 motum
993 1105 1113 1166 duo
1130 1105 1365 1185 judicia
1390 1125 1612 1174 eorum,
1664 1105 1767 1184 qui
1813 1107 1994 1187 paulo
2035 1109 2179 1168 ante

179 1185 476 1247 consulari
507 1191 798 1266 potestate
824 1185 1080 1255 fuerant,
1107 1183 1401 1246 excivere.
1480 1185 1759 1244 Omnium
1786 1185 2039 1266 primum
2068 1186 2182 1246 tri-

178 1265 354 1325 bunis
371 1265 624 1324 militum
653 1265 788 1335 fuit,
815 1264 1116 1325 delectum
1143 1264 1343 1324 haberi
1367 1285 1515 1334 3nec
1528 1265 1799 1344 juniores
1821 1266 1999 1326 modo
2026 1282 2176 1326 eon·
2212 1310 2237 1314 --

181 1345 409 1426 scripti,
439 1345 542 1405 sed
571 1345 831 1406 seniores
859 1344 1038 1404 etiam
1067 1345 1260 1404 coacti
1286 1345 1526 1404 nomina
1548 1345 1712 1417 dare,
1752 1335 1821 1404 ut
1848 1344 2009 1404 urbis
2034 1365 2181 1406 cus·

178 1424 401 1488 todiam
420 1431 679 1507 agerent.
708 1424 1006 1499 Quantum
1031 1432 1231 1484 aute-m
1254 1427 1578 1506 augebatur
1599 1425 1849 1484 militum
1875 1446 2183 1499 numeruS,
2240 1429 2253 1437 ⁶

179 1513 348 1568 tanto
375 1509 597 1585 majore
622 1504 881 1586 pecunia
900 1503 964 1564 in
988 1503 1348 1584 stipendium
1374 1524 1521 1586 opus
1540 1511 1669 1564 erat
1698 1524 1713 1563 ε
1742 1525 1932 1584 eaque
1951 1506 2181 1568 tributo

181 1586 615 1654 conserebatur,
665 1584 871 1644 invitis
913 1584 1375 1654 conferentibus,
1426 1585 1532 1663 qui
1572 1584 1733 1646 domi
1772 1588 2183 1659 remanebant,

181 1665 326 1746 quia
378 1665 684 1725 tuentibus
723 1667 930 1724 urbem
971 1671 1151 1745 opera
1201 1683 1439 1744 quoque
1486 1663 1729 1724 militari
1767 1665 2183 1738 laborandum,

180 1744 682 1823 serviendumque
709 1745 1046 1825 reipublice}
1077 1751 1221 1804 erat.
1307 1745 1455 1804 Hffle
1486 1764 1593 1823 per
1620 1765 1683 1804 se
1699 1744 1929 1828 xgrqyia,
1977 1745 2181 1827 indig-

179 1826 349 1887 niora
373 1841 442 1884 ut
469 1824 833 1894 viderentur,
887 1823 1106 1882 tribuni
1134 1823 1323 1904 plebis
1352 1823 1651 1884 seditiosis
1679 1824 2059 1884 concionibus
2088 1825 2185 1886 fa-

182 1905 464 1974 ciebant3
504 1903 694 1964 “ideo
747 1923 870 1964 oera
914 1903 1200 1962 militibus
1250 1903 1573 1963 constituta
1626 1905 1804 1964 esse'’
1852 1925 1919 1964 ar
1960 1924 1993 1964 u
2079 1906 2185 1977 do,

176 1997 214 2024 ⁰⁸
243 1989 312 2045 ut
367 1983 556 2064 plebis
609 1988 837 2064 partem
900 1981 1134 2052 militia,
1214 1989 1441 2064 partem
1504 1983 1723 2043 tributo
1789 1924 1979 2046 confige
2020 1991 2181 2049 rent.

181 2066 386 2126 Unum
414 2064 636 2124 bellum
665 2083 884 2124 annum
929 2064 1054 2143 jam
1083 2063 1323 2122 tertium
1352 2061 1525 2133 trahi,
1580 2069 1644 2122 et
1696 2064 1973 2123 consulto
2018 2065 2183 2124 male

177 2144 323 2228 geri,
375 2151 447 2204 ut
473 2143 701 2204 diutius
727 2150 940 2224 gerant
963 2163 984 2216 3
1024 2143 1087 2202 in
1115 2152 1367 2222 quatuor
1394 2142 1613 2203 deinde
1638 2143 1797 2204 bella
1824 2164 1943 2204 uno
1971 2144 2181 2204 delec-

179 2237 246 2286 tu
278 2224 578 2286 exercitus
605 2223 875 2302 scripto&
929 2229 992 2284 et
1019 2243 1231 2304 pueros
1259 2243 1495 2302 quoque
1520 2244 1593 2283 ae
1642 2243 1816 2282 senes
1858 2230 2182 2286 extractos.

177 2307 312 2366 Jam
360 2325 480 2366 non
510 2303 740 2364 aestatis
785 2322 897 2362 nec
938 2302 1148 2362 hiemis
1195 2303 1517 2363 discrimen
1548 2323 1698 2372 esse,
1744 2323 1820 2362 ne
1848 2303 1975 2364 ulla
2002 2303 2183 2382 quies

176 2405 442 2464 unquam
485 2383 722 2446 miserae
774 2382 930 2462 plebi
979 2382 1104 2442 sita
1145 2402 1282 2462 quae
1335 2402 1496 2442 nunc
1523 2382 1702 2443 etiam
1746 2383 2057 2463 vectigalis
2098 2384 2181 2444 ad

175 2466 451 2527 ultimum
477 2463 639 2524 facta
686 2462 811 2534 sit3
852 2469 938 2530 ut,
986 2483 1168 2542 quum
1219 2463 1491 2522 confecta
1536 2463 1757 2532 labore,
1808 2463 2183 2536 vulneribuS,

175 2545 476 2626 postremo
501 2548 678 2603 aetate
722 2563 789 2602 co
865 2563 966 2604 ora
994 2543 1327 2610 retulerint,
1373 2542 1720 2622 incultaque
1759 2542 1954 2602 omnia
1994 2543 2183 2603 diuti-

174 2645 254 2686 no
283 2623 652 2686 dominorum
682 2621 810 2682 desi
857 2622 978 2681 erio
1027 2621 1188 2681 domi
1230 2622 1589 2692 invenerint,
1642 2623 1927 2683 tributum
1970 2643 2043 2682 ex
2084 2623 2184 2683 af-

176 2704 336 2766 fecta
363 2722 428 2761 re
459 2700 734 2762 familiari
781 2702 1088 2792 pendant;
1130 2720 1373 2779 oeraque
1399 2701 1701 2772 militaria,
1750 2702 1919 2762 velut
1944 2703 2185 2766 foenore

174 2788 444 2863 accepta,
490 2780 844 2861 multiplicia
871 2781 1211 2860 reipublicae
1261 2781 1580 2858 reddant.”
1663 2784 1831 2842 lnter
1870 2781 2179 2844 delectum

173 2864 602 2940 tributumque,
625 2869 688 2922 et
712 2868 1034 2942 occupatos
1053 2861 1283 2921 animos
1313 2863 1597 2942 majorum
1628 2882 1823 2922 rerum
1864 2863 2044 2930 curis,
2072 2883 2183 2922 co-

175 2944 358 3008 mitiis
385 2939 754 3002 tribunorum
795 2941 988 3021 plebis
1041 2961 1322 3002 numerus
1352 2941 1578 3022 expleri
1606 2941 1855 3021 nequiit.
1934 2943 2187 3022 Pugna·

175 3032 304 3086 tum
332 3023 493 3092 inde,
521 3023 584 3082 in
611 3023 744 3082 loca
763 3041 953 3084 vacua
979 3029 1050 3081 ut
1089 3020 1325 3102 patricii
1354 3029 1771 3100 cooptarentur
1801 3041 1819 3092 ;
1862 3027 2185 3102 postquam

173 3103 426 3166 obtineri
473 3122 594 3162 non
644 3107 896 3182 poterat,
950 3109 1151 3162 tamen
1179 3100 1615 3161 labefactandae
1663 3100 1813 3182 legis
1854 3101 2186 3166 Treboniae

175 3190 358 3258 causa
387 3181 661 3242 effectum
693 3187 804 3250 est,
831 3189 900 3240 ut
928 3186 1349 3260 cooptarentur
1396 3179 1618 3242 tribuni
1644 3181 1833 3261 plebis
1877 3181 1949 3240 C.
1977 3182 2185 3244 Dace·
2278 3195 2282 3199 ⁴

173 3265 298 3325 rius
325 3270 388 3322 et
413 3263 506 3322 M.
539 3261 834 3338 Αωιῐίιιε,ο
857 3261 1016 3320 haud
1044 3261 1222 3328 dubie
1249 3260 1634 3344 patriciorum
1664 3260 1892 3340 opibus.

183 3343 197 3350 “
255 3345 365 3403 Xl.
406 3343 556 3402 Fors
582 3341 668 3402 ita
693 3340 855 3410 tulit,
904 3347 972 3400 ut
998 3361 1070 3400 eo
1095 3361 1253 3401 anno
1280 3342 1555 3400 tribunus
1582 3339 1773 3420 piebis
1801 3340 1916 3400 Cn.
1943 3340 2187 3403 Trebo-

174 3421 312 3482 nius
355 3428 534 3491 esset,
561 3420 665 3500 qui
691 3419 914 3480 nomini
941 3439 1011 3480 ac
1035 3419 1284 3498 =familiae
1314 3421 1578 3480 debitum
1608 3431 1895 3500 praestare
1936 3419 2185 3482 videre·

78 3553 93 3563 ,
124 3549 138 3556 -
173 3505 274 3559 tur
313 3501 630 3562 Treboniae
685 3499 853 3594 legis·
879 3499 1269 3582 patrocinium
1295 3520 1313 3569 ;
1354 3499 1427 3570 is,
1469 3512 1505 3537 ‘⁶
1527 3499 1685 3576 quod
1736 3498 2029 3578 petissent
2056 3501 2185 3562 Pa-

174 3584 312 3672 troffl
323 3579 587 3655 quidam,
627 3601 816 3661 pruno
839 3585 1076 3661 incepto
1101 3577 1346 3660 repulsi,
1390 3587 1591 3638 tamen
1620 3579 1888 3638 tribunos
1915 3573 2191 3642 militum

178 3645 618 3734 effipugnassess’
661 3660 1013 3729 vociferans,
1066 3669 1102 3697 ‘⁶
1125 3660 1316 3740 legem
1347 3657 1703 3718 Treboniam
1754 3657 2067 3727 sublatam,
2118 3667 2193 3722 et

182 3738 484 3810 ”optatos
525 3737 795 3801 tribunos
821 3740 1012 3822 plebis
1048 3757 1168 3804 non
1208 3737 1499 3822 suffragiis
1524 3736 1747 3819 populi,
1794 3735 1901 3798 sed
1926 3735 2191 3818 imperi·

23 3853 69 3904 ι
171 3893 174 3896 Δ
