2400 4109
1027 129 1289 190 LIBER
1315 130 1399 204 11,
1594 225 1599 228 Ι
2124 133 2201 193 87

195 289 342 371 pitio
385 292 664 350 utebatur
704 287 861 348 Attii
902 287 1091 349 Tulli.
1171 289 1377 370 Longe
1416 289 1469 350 is
1508 293 1637 350 tum
1678 286 1955 370 princeps
1994 287 2205 350 Volsci

191 369 454 435 nominis
481 374 630 438 erat,
658 367 1064 447 Romanisque
1105 369 1337 451 semper
1363 369 1621 430 infestus
1644 390 1661 440 3
1702 369 1787 430 ita
1814 389 1999 449 quum
2046 369 2201 429 alte-

193 471 329 509 rum
397 457 571 510 vetus
611 448 832 517 odium,
873 449 1127 510 alterum
1165 449 1259 509 ira
1296 459 1507 510 recens
1547 449 1899 517 stimularet,
1951 447 2204 510 consilia

197 529 516 590 conferunt
556 528 636 588 de
671 529 942 588 Romano
978 527 1152 590 bello.
1236 529 1415 591 Haud
1457 528 1635 590 facile
1679 529 2021 610 credebant,
2071 529 2200 610 ple-

191 612 329 670 bem
358 629 528 668 suam
568 608 798 688 impelli
839 628 1028 688 posse,
1072 615 1138 668 ut
1177 608 1356 670 toties
1396 609 1719 670 infeliciter
1758 614 1993 670 tentata
2037 629 2203 670 arma

197 697 522 770 caperent3
563 688 771 750 multis
814 707 974 768 soepe
1015 688 1210 759 bellis,
1251 689 1591 770 pestilentia
1634 688 1936 770 postremo
1982 689 2203 750 amissa

185 771 528 850 juventute,
571 767 790 832 fractos
833 767 1078 850 spiritus
1119 789 1293 830 essex
1360 775 1489 829 arte
1529 771 1823 862 agendum
1862 768 1927 828 in
1970 769 2203 830 exoleto

185 851 316 941 jam
355 855 657 941 yetustate
697 847 852 920 odio,
918 855 989 909 ut
1025 847 1269 910 recenti.
1314 849 1519 929 aliqua
1572 856 1663 910 ira
1705 851 2204 910 exacerbarentur

195 950 402 990 anum.
702 949 712 957 ‘

279 1007 563 1068 XXXVI.
607 1007 769 1069 Ludi
797 1009 946 1068 forte
973 1024 1050 1068 ex
1085 1008 1515 1073 instauratione
1540 1029 1597 1068 m
1676 1007 1739 1066 ni
1778 1009 1987 1076 Romae
2029 1029 2201 1090 para-

194 1091 455 1158 bantur3
497 1086 871 1148 instaurandi
911 1087 1038 1148 haec
1082 1109 1261 1148 causa
1300 1087 1549 1158 fuerat„
1688 1088 1824 1148 udis
1866 1089 2037 1150 mane
2078 1109 2202 1149 ser-

196 1189 340 1228 vum
379 1167 626 1247 quidam
657 1167 1100 1250 paterfamiliae,
1153 1167 1419 1230 nondum
1486 1167 1799 1228 commisso
1840 1169 2202 1247 spectaculo,

198 1250 309 1308 sub
334 1247 504 1308 furca
533 1269 754 1309 caesum
794 1247 992 1308 medio
1018 1253 1223 1328 egerat
1263 1248 1456 1319 circo;
1519 1247 1705 1329 coepti
1742 1247 1883 1309 inde
1910 1247 2059 1316 ludi,
2098 1261 2207 1309 ve·'

191 1327 289 1387 lut
315 1348 387 1386 ea
412 1348 508 1387 res
536 1326 683 1387 nihil
725 1327 801 1387 ad
828 1327 1173 1408 religionem
1216 1327 1617 1407 pertinuisset.
1698 1326 1877 1388 Haud
1918 1328 2003 1390 ita
2048 1329 2203 1408 mul·

194 1409 264 1466 to
291 1413 446 1488 post,
473 1407 572 1466 Ti.
628 1405 856 1486 Atinio,
884 1407 962 1467 de
987 1407 1158 1488 plebe
1183 1408 1429 1478 homini,
1471 1409 1763 1469 somnium
1804 1406 1939 1468 fuit.
2020 1407 2201 1470 Visus

190 1486 430 1566 Jupiter
495 1486 716 1558 dicere,
781 1499 816 1524 “
843 1487 966 1547 Sibi
1027 1486 1187 1548 ludis
1244 1489 1723 1568 praesultatorem
1783 1486 2201 1566 displicuisse:

181 1565 311 1640 ‚nisi
338 1567 649 1648 magnifice
689 1567 1166 1642 instaurarentur
1191 1566 1254 1626 hi
1293 1567 1441 1636 ludi,
1482 1567 1815 1649 perieulum
1856 1565 1988 1625 urbi
2030 1564 2203 1638 fore3

190 1646 328 1716 iret,
369 1666 441 1707 ea
468 1646 813 1707 consulibus
836 1645 1217 1706 nunciaret-’⁹
1298 1647 1658 1728 Quanquam
1697 1646 1856 1706 haud
1886 1650 2027 1707 sane
2054 1647 2205 1708 liber

189 1732 328 1808 erat
351 1725 636 1808 religione
677 1725 928 1796 animus,
969 1724 1333 1786 verecundia
1372 1734 1575 1788 tamen
1615 1726 1945 1808 majestatis
1985 1727 2201 1808 magis-

192 1812 460 1867 tratuum
485 1807 764 1866 timorem
789 1805 950 1874 vicit,
997 1825 1075 1866 ne
1100 1806 1164 1865 in
1191 1825 1295 1866 ora
1334 1807 1635 1867 hominum
1662 1828 1769 1887 pro
1794 1805 2049 1867 ludibrio
2075 1807 2203 1870 abi·

192 1892 306 1945 ret.
427 1887 656 1966 Magno
694 1885 787 1945 illi
828 1905 901 1946 ea
929 1885 1243 1964 'cunctatio
1271 1887 1473 1958 stetit3
1514 1885 1705 1948 fllium
1744 1907 2002 1966 namque
2040 1887 2202 1950 intra

193 1985 418 2046 paucos
446 1965 578 2025 dies
603 1965 832 2036 amisit3
901 1967 1074 2046 cujus
1095 1967 1433 2046 repentinae
1462 1967 1651 2050 cladis
1679 1987 1755 2026 ne
1797 1987 1979 2029 causa
2019 1965 2199 2028 dubia

193 2052 374 2114 esset,
415 2059 576 2126 aegro
616 2044 802 2106 animi
839 2045 1050 2105 eadem
1089 2045 1195 2106 illa
1246 2045 1312 2104 in
1352 2046 1575 2106 somnis
1616 2049 1927 2106 obversata
1967 2065 1997 2106 s
2040 2046 2199 2108 ecies

194 2124 322 2186 visa
365 2133 470 2185 est'
500 2124 770 2206 rogitare,
831 2135 866 2160 “
892 2125 1084 2184 Satin’
1126 2145 1395 2205 magnam
1456 2125 1644 2206 spreti
1700 2125 1963 2184 numinis
2062 2127 2199 2188 abe·

191 2212 287 2265 ret
315 2204 697 2274 mercedem?
737 2205 1018 2284 majorem
1043 2205 1287 2272 instare,
1328 2205 1391 2264 ni
1417 2211 1519 2264 eat
1545 2223 1813 2284 propere,
1840 2224 1911 2264 ac
1952 2204 2201 2266 nunciet

189 2284 601 2344 consulibus?9
681 2284 815 2344 Jam
857 2283 1211 2366 praesentior
1238 2304 1333 2344 res
1374 2292 1542 2344 erat:
1586 2290 1968 2344 cunctantem
1996 2292 2202 2345 tamen

189 2385 263 2424 ac
306 2365 706 2445 prolatantem
732 2365 944 2444 ingens
972 2363 1064 2423 vis
1104 2363 1293 2424 morbi
1322 2364 1530 2425 adorta
1557 2369 1651 2425 est
1690 2364 1998 2424 debilitate
2040 2363 2198 2424 subi·

188 2451 277 2504 ta.
325 2463 330 2467 ’
387 2443 546 2503 Tum
593 2443 895 2503 enimvero
934 2443 1197 2504 Deorum
1238 2444 1327 2504 ira
1364 2445 1717 2514 admonuit3
1781 2444 1977 2504 fessus
2018 2443 2201 2526 igitur

189 2523 366 2584 malis
408 2523 730 2604 praeteritis
771 2523 1271 2604 instantibusque,
1312 2525 1561 2586 consilio
1600 2524 2061 2606 propinquorum
2088 2525 2196 2586 ad-

186 2604 396 2673 hibito,
436 2623 620 2682 quum
649 2602 777 2664 visa
803 2611 982 2684 atque
1021 2605 1247 2674 audita,
1288 2612 1349 2665 et
1388 2607 1763 2666 obversatum
1788 2606 1965 2665 toties
1992 2625 2197 2670 somno
2254 2669 2257 2674 ,

186 2683 420 2752 Jovem,
451 2683 640 2743 minas
678 2683 918 2764 irasque
945 2685 1240 2754 coelesteS,
1287 2693 1748 2766 repraesentatas
1777 2684 2012 2746 casibus
2053 2686 2195 2759 sum,

189 2763 564 2844 exposuisset
584 2783 607 2834 3
647 2783 941 2824 consensu
981 2763 1123 2825 inde
1165 2765 1323 2826 haud
1365 2766 1544 2826 dubio
1586 2765 1865 2834 omnium,
1906 2766 2009 2845 qui
2050 2769 2194 2828 ade-

187 2851 346 2912 rant,
373 2844 438 2903 iu
465 2842 658 2903 forum
685 2843 763 2904 ad
800 2845 1076 2904 consules
1102 2844 1321 2904 lectica
1350 2843 1658 2915 adfertur3
1697 2845 1839 2904 inde
1879 2845 1941 2906 in
1970 2846 2195 2908 curiam

181 2925 356 3004 jussu
403 2923 714 2984 consu-lum
755 2923 1014 2992 delatuS‚
1041 2923 1250 2984 eadem
1290 2924 1397 2986 illa
1436 2945 1623 3005 quum
1663 2925 1938 2986 Patribus
1964 2926 2193 3008 ingenti

191 3003 458 3066 oninium
499 3003 888 3064 admiratione
929 3011 1353 3075 enarr-{ssent3
1406 3025 1548 3066 ecce
1588 3005 1755 3064 aliud
1793 3003 2191 3066 miraculum:

231 3083 294 3143 ui
323 3089 540 3163 captus
591 3080 862 3143 omnibus
911 3083 1188 3144 membris
1216 3083 1451 3145 delatus
1478 3081 1541 3144 in
1570 3085 1793 3145 curiam
1836 3082 2033 3153 esseh-
2058 3105 2195 3144 eum

187 3104 465 3224 punctum
505 3161 700 3223 officio
739 3161 992 3244 pedibus
1019 3163 1142 3224 suis
1181 3163 1423 3224 domum
1464 3166 1731 3235 rediisse,
1757 3165 2043 3226 traditum
2071 3183 2193 3224 me·

191 3244 396 3303 moriae
429 3249 542 3302 est.
829 3281 840 3294 -.
1014 3300 1018 3308 ,
1508 3285 1516 3292 -
1614 3275 1622 3282 ·

270 3321 593 3383 XXXVII.
635 3323 797 3383 Ludi
837 3321 1020 3404 quim
1047 3323 1399 3404 amplissimi
1436 3331 1507 3384 ut
1533 3325 1763 3393 fierent,
1793 3327 2037 3384 senatus
2079 3322 2186 3383 de-

189 3403 396 3464 crevit.
481 3401 710 3464 Ad-eos
737 3403 932 3473 ludos,
960 3411 1200 3464 auctore
1230 3405 1402 3464 Attio
1428 3405 1631 3474 Tullo,
1659 3405 1748 3464 vis
1777 3422 1871 3480 ma
1952 3422 1989 3462 a
2014 3403 2189 3464 Vols·

186 3502 390 3544 corum
431 3481 616 3542 venit.
697 3483 1604 3562 Priusquamcommitterentur
1644 3482 1789 3548 ludi,
1838 3481 1854 3500 '
1899 3481 2078 3554 ullus,
2118 3489 2188 3543 ut

185 3562 344 3623 domi
385 3561 778 3642 compositum
820 3582 954 3622 cum
1012 3563 1246 3625 Marcio
1286 3564 1497 3632 fuerat,
1558 3561 1636 3620 ad
1678 3559 1951 3625 consules
1991 3563 2187 3631 venit3

182 3641 332 3704 dicit
374 3661 528 3710 esse,
570 3661 710 3722 quae
754 3642 987 3701 secreto
1027 3663 1202 3723 agere
1255 3643 1333 3705 de
1374 3639 1677 3725 republica
1713 3638 1875 3700 velit.
1957 3639 2185 3702 Abitris
