2400 4109
216 154 330 238 3⁰0
512 191 518 210 .
1055 150 1375 212 T.1.1V11

215 329 388 370 cessu
417 309 616 370 Fabiis
642 308 952 370 audaciam
980 331 1271 372 crescere.
1353 311 1567 389 Itaque
1600 313 1664 370 et
1686 327 1905 390 pecora
1929 307 2221 390 pradal-

210 391 369 449 tibus
399 389 734 470 aliquoties,
790 392 958 450 velut
1001 411 1142 452 casu
1192 389 1566 459 incidissent,
1626 389 1860 450 obviam
1908 395 2079 450 aetat
2130 395 2230 448 et

209 469 531 550 agrestium
556 469 697 550 fuga
725 470 882 530 vasti
909 470 1106 530 relicti
1133 470 1294 552 agri·
1342 475 1411 550 et
1436 469 1699 530 subsidia
1724 476 2107 538 armatorum,
2135 469 2227 529 ad

209 550 502 610 arcendas
549 549 961 630 populationes
988 549 1191 619 missa,
1230 549 1452 642 saepius
1500 550 1800 618 simulato,
1826 550 2009 628 quam
2050 570 2223 620 vero,

207 649 424 709 pavore
451 630 817 711 refugerunt.
896 631 1150 709 Jamque
1177 629 1346 689 Fabii
1388 629 1541 689 adeo
1566 635 2050 710 contempserant
2072 629 2221 690 hos-

205 717 350 778 tem,
379 716 447 770 ut
493 731 600 769 sua
645 709 871 770 invicta
896 729 1062 770 arma
1103 729 1304 788 neque
1349 709 1483 771 loco
1528 729 1725 788 neque
1771 716 2041 790 tempore
2082 709 2223 770 ullo

209 791 527 853 crederent
554 789 835 850 sustineri
861 809 1076 871 posse;
1142 790 1277 850 haec
1306 809 1445 870 spes
1490 789 1781 870 provexit,
1828 798 1898 850 ut
1944 790 2023 850 ad
2068 810 2221 850 con-

209 879 419 949 specta
444 871 651 950 procul
703 871 739 930 εἰ
786 871 1074 931 Cremera
1118 890 1335 951 magno
1382 869 1580 950 campi
1628 869 1945 930 intervallo
1993 889 2220 950 pecora

211 949 578 1029 (quanquam
603 971 742 1010 rara
763 949 1021 1024 bostium
1047 952 1415 1030 apparebant
1439 949 1627 1031 arma)
1658 949 2086 1020 decurrerent3
2150 957 2223 1012 et·

205 1049 397 1108 quum
433 1029 754 1112 improvidi
795 1028 982 1092 effuso
1023 1050 1203 1090 cursu
1245 1028 1495 1110 insidias
1535 1029 1743 1090 circai
1786 1049 1916 1089 sum
1964 1029 2093 1090 iter.
2123 1029 2220 1090 lo·

206 1115 374 1169 catas
403 1117 809 1190 superassent,
835 1110 1142 1190 palatique
1181 1111 1405 1212 passim
1437 1129 1615 1201 vaga,
1640 1114 1711 1168 ut
1780 1117 1806 1169 t
1850 1129 2069 1200 pavore
2116 1109 2217 1170 in·-

195 1192 384 1269 jecto,
411 1197 692 1272 raperent
717 1210 932 1270 pecora
953 1211 972 1261 3
1015 1190 1211 1250 subito
1238 1209 1313 1250 ex
1339 1189 1579 1248 insidiis
1602 1195 1996 1270 consurgitur,
2016 1195 2081 1250 et
2098 1190 2215 1249 ad-

194 1269 368 1330 'versi
417 1277 480 1330 et
507 1271 773 1350 undique
799 1271 1000 1329 hostes
1048 1274 1237 1330 erant.
1318 1268 1522 1328 Primo
1568 1269 1794 1330 clamor
1821 1268 2215 1330 circumlatus

205 1350 516 1420 exterruit,
544 1350 686 1410 dein
727 1349 852 1410 tela
878 1352 952 1409 ab
977 1350 1140 1409 omni
1166 1353 1337 1441 parte
1364 1347 1758 1420 accidebant3
1822 1348 2217 1410 coeuntibus-

205 1449 326 1508 que
369 1430 664 1498 Etruscis,
704 1431 830 1509 jam
859 1429 1192 1492 continenti
1220 1427 1455 1509 agmine
1480 1435 1843 1488 armatorum
1870 1429 2045 1508 septi,
2085 1429 2217 1508 qud

203 1511 398 1594 inagis
427 1531 490 1572 se
517 1510 706 1571 hostis
731 1509 1041 1578 inferebat,
1069 1511 1433 1590 cogebantur
1456 1509 1725 1568 breviore
1744 1508 1945 1590 ‘spatio
1988 1515 2052 1569 et
2092 1507 2217 1590 ipsi

203 1595 410 1652 orbem
471 1591 795 1672 colliges-‚m
859 1609 997 1670 quae
1038 1609 1134 1650 res
1159 1595 1225 1650 et
1248 1588 1609 1668 paucitatem
1652 1606 1855 1649 eorum
1896 1588 2215 1670 insignem,

203 1678 267 1731 et
295 1670 745 1732 multitudinem
783 1671 1196 1738 Etruscorum,
1237 1667 1653 1749 multiplicatis
1678 1668 1745 1728 in
1790 1675 1959 1730 arcto
1986 1668 2216 1729 ordini·

202 1751 333 1820 bus,
372 1751 646 1814 faciebat.
727 1751 908 1819 Tum,
934 1750 1153 1810 omissa
1178 1754 1399 1828 pugna,
1436 1768 1615 1827 quam
1642 1748 1706 1809 in
1753 1768 1963 1809 omnes
2007 1755 2218 1830 partes

186 1847 412 1910 'parem
437 1829 845 1903 intenderant,
869 1829 934 1891 in
961 1849 1147 1890 unum
1171 1829 1369 1888 locum
1398 1831 1699 1917 ses'omnes
1736 1828 2070 1901 inclinant}
2139 1830 2216 1890 ed

201 1909 320 1968 nisi
350 1910 692 1992 corporibus
719 1908 1036 1989 armisque,
1063 1930 1132 1968 ru
1212 1929 1275 1969 re
1304 1927 1497 1968 cuneo
1523 1908 1701 1968 viam.
1782 1909 1973 1968 Duxit
2008 1909 2111 1968 via
2147 1908 2219 1973 in

203 1989 435 2049 editum
484 1989 700 2052 leniter
729 1988 978 2061 collem;
1038 1988 1107 2054 „in
1154 2009 1186 2050 e
1210 1987 1406 2070 prim&
1433 1987 1752 2058 restitere3
1814 2009 1979 2058 mox,
1998 1995 2069 2048 ut
2113 2009 2217 2049 re-

203 2069 474 2151 spirandi
521 2069 790 2152 superior
815 2069 984 2130 locus
1013 2067 1282 2150 spatium
1313 2067 1503 2138 dedit,
1528 2066 1983 2149 recipiendique
2024 2069 2061 2128 a
2099 2089 2219 2149 pa·

199 2169 346 2211 vore
390 2157 562 2212 tanto
609 2149 893 2220 animum,
935 2149 1219 2244 pepulere
1262 2147 1442 2210 etiam
1482 2149 1805 2208 subeuntes
1823 2169 1846 2207 ε·
1900 2147 2219 2210 vincebat-

201 2250 322 2309 que
351 2231 578 2292 auxilio
617 2229 738 2290 loci·
783 2237 1073 2310 paucitas,
1099 2229 1164 2290 ni
1202 2231 1350 2310 jugo
1392 2227 1839 2288 circummissus
1880 2229 2105 2308 Vejens
2148 2227 2221 2290 in

200 2310 494 2371 v‘erticem
543 2310 712 2370 collis
741 2309 1030 2370 evassiset
1046 2330 1064 2380 3
1112 2309 1200 2372 ita
1226 2308 1495 2389 superior
1538 2327 1748 2368 rursus
1774 2307 1963 2368 hostis
1996 2307 2219 2370 factus.

201 2389 374 2449 Fabii
419 2389 566 2450 caesi
611 2388 687 2449 a'd
741 2409 931 2454 unum
977 2409 1204 2459 omnes,
1252 2388 1718 2468 praesidiumque
1766 2395 2216 2470 expugnatumg

199 2475 506 2530 trecentos
535 2489 640 2528 sex
667 2467 894 2548 perisse
935 2469 1082 2528 satis
1125 2467 1442 2530 convenit:
1504 2463 1690 2528 uniim
1718 2488 1899 2550 prope
1926 2470 2214 2549 puberem

199 2554 383 2607 aetate
410 2548 708 2616 relictum,
747 2548 995 2630 stirpem
1061 2548 1186 2609 enti
1214 2547 1435 2617 Fabiae,
1472 2547 1788 2629 dubiisque
1816 2551 1995 2608 rebus
2020 2567 2209 2628 popu-

195 2625 245 2768 ii
273 2627 532 2688 Romani
560 2647 716 2708 saepe
744 2627 907 2688 domi
948 2631 1020 2688 be
1045 2628 1215 2710 lique
1235 2628 1333 2688 vel
1370 2627 1698 2690 maximum
1744 2628 2016 2690 futurum
2040 2627 2210 2690 auxi-

222 2725 366 2766 lum.

283 2787 393 2846 LI.
435 2788 632 2862 Quum
659 2786 794 2847 haec
822 2793 1073 2868 accepta
1099 2788 1316 2848 clades·
1352 2795 1532 2859 esset,
1580 2791 1699 2850 ‘am
1726 2789 1798 2850 C.
1826 2788 2117 2850 Horatius
2146 2795 2211 2852 et

201 2867 280 2926 T.
294 2867 621 2928 Menenius
643 2868 932 2930 consules-
943 2874 1132 2928 erant.
1173 2869 1501 2929 Menenius
1519 2890 1555 2929 a
1597 2889 1805 2929 versus
1822 2871 2063 2929 Tuscos
2084 2869 2213 2928 vic-
2249 2939 2255 2946 ,

196 2948 354 3008 toria
368 2947 560 3008 elatos
575 2947 886 3008 confestim
903 2948 1140 3008 missuS.
1165 2949 1329 3008 Tum
1340 2969 1581 3029 quoque
1592 2950 1745 3009 male
1757 2969 1837 3029 pu
1880 2955 2088 3010 natum
2103 2954 2220 3022 est,

203 3035 266 3089 et
280 3028 618 3088 ,Ianiculum
637 3028 838 3086 hostes
855 3048 1257 3108 occupavere:
1298 3033 1657 3108 obsessaque
1676 3031 1817 3088 urbs
1839 2971 2014 3099 foret,
2032 3049 2213 3122 super

120 3109 145 3130 ‘·
199 3109 427 3182 bellum
449 3113 685 3167 annona
705 3115 1035 3188 premente,
1077 3109 1442 3168 transierant
1468 3108 1627 3169 enim
1646 3109 1894 3170 Etrusci
1912 3109 2183 3176 Tiberim

203 3188 268 3248 ni
296 3187 586 3248 Horatius
614 3186 842 3246 Consul
871 3207 947 3247 ex
973 3189 1066 3246 Vo
1095 3188 1214 3247 scis
1241 3193 1399 3246 esset
1425 3198 1782 3249 revocatus-2.
1844 3190 2120 3270 adebque
2146 3189 2169 3248 i

201 3269 427 3328 bellum
447 3267 592 3346 ipsis
619 3264 842 3325 institit
861 3265 1178 3337 moenibus,
1204 3274 1277 3326 ut
1301 3266 1489 3347 primo
1515 3278 1845 3350 pugnatum
1862 3271 1942 3331 ad
1968 3270 2110 3350 Spei
2133 3270 2215 3331 sit

205 3367 380 3425 aequo
427 3349 648 3414 Marte,
673 3345 892 3405 iterum
941 3347 1019 3406 ad
1068 3353 1295 3428 portam
1326 3346 1645 3408 Collinam.
1726 3351 1820 3412 Ibi
1864 3369 2213 3429 quanquam

202 3445 388 3504 parvo
401 3433 712 3487 »momento
745 3425 1014 3505 superior
1039 3428 1315 3486 Romana
1338 3447 1434 3487 res
1476 3427 1611 3498 fuit,
1658 3430 1966 3490 meliorem
2007 3435 2211 3490 tamen

203 3503 478 3575 militem,
503 3511 747 3587 recepto
771 3505 1023 3586 pristino
1060 3506 1280 3575 animo,
1317 3506 1381 3566 in
1407 3506 1609 3569 futura
1637 3509 1852 3590 proelia
1898 3507 1961 3565 id
2012 3519 2211 3570 certa-

205 3603 344 3642 men
387 3583 552 3644 fecit.
635 3589 711 3648 A.
752 3584 1060 3667 Virginius
1107 3593 1172 3646 et
1197 3589 1300 3666 Sp.
1350 3587 1640 3648 Servilius
1686 3586 1967 3646 consules
2014 3587 2215 3665 fiunt;

204 3670 342 3749 post
367 3671 678 3748 acceptam
704 3667 1036 3748 proximam
1078 3685 1299 3752 pugnae
1328 3668 1564 3731 cladem
1604 3667 1895 3746 Veientes
1938 3669 2216 3751 abstinax
