2400 4109
249 145 372 204 226
1097 141 1175 200 Τ.
1199 93 1417 201 mvn

251 301 390 380 quis
416 291 589 382 aesgro,
617 299 739 380 qui,
781 299 976 377 curari
1003 319 1066 360 se
1091 299 1325 359 fortiter
1350 317 1582 379 passus,
1608 297 1901 378 extemplo
1928 299 2246 360 convales-

2358 335 2360 382 Ψ

253 381 391 440 οένε
431 381 635 460 possit,
683 380 798 442 cibi
837 379 1026 472 gratia
1065 379 1385 460 praesentis
1426 386 1531 438 aut
1568 378 1823 459 potionis
1850 379 2247 459 longinquum

251 466 315 520 et
340 459 586 519 forsitan
613 460 998 520 insanabilem
1025 460 1291 518 morbum
1318 458 1557 518 efficiat.

332 539 442 598 VI.
481 549 517 576 “
545 539 628 607 Si,
656 559 750 598 me
779 539 928 598 Dius
967 538 1204 616 Fidius,
1225 539 1302 598 ad
1329 539 1440 598 hoc
1466 537 1690 598 bellum
1718 536 1865 596 nibil
1889 538 2249 617 pertineret,
2359 507 2360 556 3

253 617 330 676 ad
359 617 734 698 disciplinam
761 618 922 677 certe
949 617 1174 676 militiae
1218 617 1537 697 plurimum
1575 617 1881 686 intererat,
1900 619 2251 677 insuescere
2359 629 2360 632 ’

251 697 505 758 militem
545 705 828 766 nostrum,
883 717 1003 756 non
1047 697 1240 758 solum
1283 702 1493 776 parata
1518 696 1768 757 victoria
1812 695 1973 767 frui;
2012 696 2150 766 sed,
2198 695 2247 755 si
2358 741 2360 746 .

252 796 352 838 res
380 778 557 838 etiam
583 777 798 836 lentior
818 775 915 846 sit,
941 776 1066 858 pati
1091 776 1361 845 taedium,
1388 782 1449 836 et
1470 776 1744 854 quamvis
1781 796 1930 837 serae
1960 776 2097 857 spei
2125 775 2248 836 exi-

253 861 386 916 tum
405 861 748 936 exspectare
776 876 795 926 3
835 863 916 925 et,
943 857 994 914 si
1021 875 1142 916 non
1169 857 1250 916 sit
1273 861 1480 917 aestate
1502 853 1835 936 perfectum
1854 856 2107 926 bellum,
2123 854 2245 915 hie·
2358 843 2360 870 ³

255 954 412 996 mem
439 934 697 1015 opperiri
723 955 744 1006 3
783 955 917 1004 nec,
944 936 1101 995 sicut
1125 935 1365 996 aestivas
1388 955 1548 1004 aveS,
1570 935 1775 994 statim
1803 941 2096 994 autumno
2121 941 2247 994 tec·
2358 947 2360 958 ¹

253 1018 320 1072 ta
345 1033 416 1072 ac
457 1033 758 1074 recessum
801 1015 1279 1095 circumspicere.
1352 1016 1610 1075 Obsecro
1652 1035 1776 1084 voS,
1828 1015 2091 1076 venandi
2123 1021 2247 1074 stu-

253 1091 418 1151 dium
447 1112 518 1152 ac
545 1094 822 1174 voluptas
847 1095 1112 1156 homines
1135 1116 1244 1175 per
1290 1094 1458 1154 nives
1505 1115 1575 1154 ac
1614 1093 1860 1175 pruinas
1905 1093 1971 1154 in
2011 1099 2246 1154 montes

254 1169 556 1250 silvasque
583 1175 775 1253 rapit3
814 1173 956 1233 belli
983 1173 1437 1234 necessitatibus
1464 1193 1593 1234 eam
1620 1173 1973 1253 patientiam
1997 1193 2126 1233 non
2144 1171 2248 1230 ad·
2358 1197 2360 1230 s

255 1248 602 1321 hibebimus,
629 1273 806 1332 quam
833 1253 931 1312 vel
957 1253 1125 1312 lusus
1151 1273 1224 1312 ac
1241 1252 1516 1332 voluptas
1534 1252 1751 1312 elicere
1766 1252 1963 1311 solet?
2048 1252 2249 1311 Adeo·
2359 1279 2360 1306 ᾗ

260 1347 341 1390 ne
391 1331 724 1391 effeminata
777 1351 1022 1423 corpora
1073 1331 1331 1392 militum
1384 1337 1721 1392 nostrorum
1774 1350 1907 1390 esse
1953 1337 2257 1410 putamus,

259 1409 414 1468 adeo
457 1410 667 1470 molles
721 1431 966 1480 ammos,
1005 1417 1086 1470 ut
1135 1410 1393 1470 hiemem
1432 1431 1613 1470 unam
1656 1410 1871 1469 durare
1900 1409 1963 1469 in
2016 1409 2252 1478 castriS,

255 1489 468 1549 abesse
509 1491 585 1549 ab
611 1491 782 1550 domo
809 1510 929 1550 non
967 1489 1243 1570 possint?
1284 1498 1371 1559 ut,
1422 1496 1707 1568 tanquam
1750 1490 1960 1549 navale
2003 1489 2251 1556 bellum,

258 1569 710 1649 tempestatibus
733 1569 1041 1650 captandis
1067 1575 1129 1630 et
1155 1569 1523 1644 observando
1544 1575 1808 1648 tempore
1835 1569 1995 1637 anni,
2020 1575 2249 1650 gerant,
2359 1615 2360 1624 ,

259 1666 380 1707 non
415 1655 616 1718 aestus,
664 1669 783 1711 non
808 1650 1027 1732 frigora
1051 1649 1177 1732 pati
1202 1649 1480 1731 possint?
1562 1650 1935 1708 Erubescant
1950 1643 2247 1728 profecto,

261 1725 314 1785 si
342 1726 478 1804 quis
505 1728 592 1788 eis
618 1729 750 1790 haec
779 1729 1019 1810 objiciat
1045 1751 1064 1800 3
1107 1730 1611 1806 contendantque,
1638 1735 1699 1788 et
1726 1727 1937 1786 animis
1959 1733 2021 1786 et
2046 1747 2248 1807 corpo-

257 1804 422 1864 ribus
445 1807 568 1865 suis
596 1808 826 1868 virilem
851 1808 1202 1888 patientiam
1229 1809 1443 1877 inesse,
1464 1813 1525 1868 et
1552 1828 1616 1868 se
1635 1811 1812 1888 juxta
1837 1807 2027 1866 hieme
2072 1814 2249 1884 atque

255 1889 471 1948 aestate
513 1886 673 1948 bella
717 1907 927 1970 gerere
983 1908 1199 1968 posse:
1269 1909 1381 1951 nec
1426 1907 1491 1948 se
1536 1887 1931 1968 patrocinium
1982 1886 2250 1945 mollitiae
2359 1891 2360 1964 ζ

259 1961 617 2042 inertioeque
663 1967 981 2025 mandssse
1023 1966 1297 2032 tribunis,
1348 1973 1411 2024 et
1456 1966 1816 2032 meminisse,
1867 1967 2018 2024 hanc
2064 1966 2251 2045 ipsam

259 2048 620 2180 pptestatem
644 2065 763 2106 non
806 2044 1102 2104 inumbra
1126 2065 1239 2104 nec
1266 2043 1330 2104 in
1358 2043 1535 2104 tectis
1557 2046 1807 2125 majores
1836 2064 1973 2104 suos
1994 2052 2249 2104 creasse.

329 2141 415 2182 aec
445 2122 666 2184 virtute
708 2124 962 2184 militum
986 2131 1338 2194 vestrorum,
1384 2124 1517 2184 liaec
1543 2125 1811 2184 Romano
1839 2123 2079 2184 nomine
2116 2129 2251 2182 suut
2358 2175 2360 2194 4

259 2199 461 2282 digna,
502 2222 622 2263 non
648 2204 830 2284 Vejos
860 2204 1109 2273 tantum,
1150 2224 1263 2264 nec
1290 2203 1401 2264 hoc
1429 2203 1649 2283 bellum
1693 2203 2121 2281 intueri‚'quod
2162 2203 2249 2261 in·
2358 2203 2360 2280 ξ

263 2286 428 2351 stat3
469 2281 576 2342 sed
630 2283 847 2344 famam
901 2291 962 2342 et
1009 2283 1087 2343 ad
1141 2284 1260 2343 alia
1297 2284 1457 2344 bella
1497 2289 1560 2341 et
1599 2282 1671 2342 ad
1720 2287 1950 2342 ceteros
2002 2282 2249 2362 populos

263 2357 332 2418 in
385 2367 686 2439 posterum
733 2382 1024 2442 quoerere.
1105 2366 1206 2422 An
1234 2363 1535 2422 mediocre
1590 2361 1913 2421 discrimen
1971 2360 2256 2440 opinionis

263 2445 630 2516 secuturum,
653 2461 726 2502 ex
767 2441 876 2502 hac
905 2463 969 2501 re
997 2442 1268 2522 putatis?
1308 2443 1508 2502 utrum
1536 2441 1777 2500 tandem
1804 2441 2040 2502 finitimi
2068 2460 2248 2533 popu-

265 2515 392 2577 lum
420 2519 754 2580 Romanum
781 2542 916 2583 eum
963 2542 1095 2581 esse
1123 2527 1353 2601 putent.
1395 2521 1565 2601 cujus
1594 2519 1644 2580 si
1671 2540 1791 2599 qua
1816 2523 1955 2580 urbs
2002 2537 2250 2599 primum

263 2593 437 2654 illum
463 2599 794 2659 brevissimi
821 2601 1104 2679 temporis
1132 2601 1480 2660 sustinuerit
1519 2601 1827 2680 impetum,
1871 2599 2016 2660 nihil
2038 2598 2249 2662 deinde

263 2673 529 2748 timeat?
568 2698 647 2737 an
674 2679 770 2738 hic
801 2679 880 2738 sit
906 2686 1098 2738 terror
1123 2681 1378 2739 nominis
1407 2679 1613 2748 nostri,
1657 2686 1727 2739 ut
1768 2679 2094 2740 exercitum
2134 2680 2249 2736 Ro·
2358 2699 2360 2710 ⁴

268 2772 509 2813 manum
538 2776 658 2816 non
684 2758 930 2818 taedium
955 2758 1301 2839 ,longinquae
1333 2759 1808 2838 oppugnationis,
1856 2779 1974 2819 non
2002 2759 2094 2818 vis
2133 2757 2251 2817 hie·
2359 2787 2360 2792 1

267 2831 384 2893 mis
431 2836 502 2894 ab
528 2838 674 2896 urbe
703 2837 1093 2898 circumsessa
1137 2838 1321 2898 semel
1353 2857 1625 2897 amovere
1667 2838 1873 2917 possit,
1926 2857 2037 2898 nec
2078 2839 2249 2897 finem

269 2913 457 2973 ullum
481 2914 664 2975 alium
691 2918 850 2987 belli,
873 2919 1050 2996 quaim
1082 2916 1408 2986 victoriam,
1434 2917 1704 2987 noverit;
1745 2937 1857 2977 nec
1885 2916 2111 2980 imnetu
2153 2935 2249 2996 po-

269 2993 395 3052 titis
422 2994 598 3064 bella,
613 2997 795 3074 quam
821 2997 1287 3078 perseverantia,
1312 2997 1524 3078 gerat?
1566 3016 1703 3074 quae
1733 2997 1796 3054 in
1824 2999 1984 3057 omni
2013 2997 2247 3075 quidem

265 3091 486 3170 genere
512 3074 765 3144 militiae,
791 3077 1046 3138 maxime
1075 3083 1275 3138 tamen
1300 3077 1364 3134 in
1394 3075 1732 3134 obsidendis
1758 3077 2018 3144 urbibus,
2048 3094 2247 3135 neces—

274 3152 431 3212 saria
459 3161 552 3214 est
571 3173 592 3224 3
633 3174 882 3246 quarum
905 3156 1238 3236 plerasque,
1275 3154 1699 3214 munitionibus
1747 3175 1817 3214 ac
1857 3155 2112 3217 naturali
2139 3153 2251 3212 situ

271 3230 778 3314 inexpugnabiles,
817 3233 976 3294 fame
1001 3235 1219 3313 sitique
1247 3239 1480 3326 tempus
1506 3233 1698 3324 ipsum
1737 3234 1927 3294 vincit
1952 3241 2127 3312 atque
2154 3251 2251 3291 ex·
2359 3291 2360 3296 ,

273 3319 545 3446 pugnat:
609 3313 768 3373 sicut
816 3314 999 3393 Vejos
1067 3317 1473 3393 expugnab1t3
1553 3313 1667 3372 nisi
1728 3313 1949 3374 auxilio
1987 3313 2251 3374 ,hostibus

273 3388 354 3446 tri
399 3391 498 3449 uni
527 3391 715 3470 plebis
740 3391 980 3461 fuerint,
1023 3399 1088 3456 et
1129 3393 1335 3454 Romae
1365 3391 1706 3456 invenerint
1731 3394 2012 3471 praesidia
2038 3394 2253 3472 Vejenz

274 3468 388 3532 tes,
411 3487 550 3544 quae
571 3470 969 3550 nequicquam
989 3472 1054 3532 in
1069 3471 1311 3532 Etruria
1332 3477 1631 3550 quaerunt.
1695 3473 1794 3530 An
1812 3479 1905 3532 est
1922 3469 2251 3551 quicquam,
2304 3481 2311 3493 ‘
2359 3461 2360 3520 ἕ

277 3543 442 3615 quod
489 3549 840 3626 Vejentibus
895 3557 1162 3631 optatum
1220 3551 1391 3627 aeque
1436 3551 1776 3642 contingere
1825 3552 2031 3632 possit,
2082 3551 2253 3630 quim

277 3623 348 3672 ut
387 3622 774 3689 seditionibus
800 3631 1056 3710 primum
1081 3633 1224 3688 urbs
1246 3631 1531 3697 Romana,
1578 3629 1796 3689 demde
1824 3631 1993 3690 velut
2016 3651 2091 3692 ex
2120 3648 2253 3689 con·
2276 3621 2288 3637 '

277 3693 512 3770 tagione
537 3711 733 3772 castra
757 3709 1163 3794 impleantur?
1244 3710 1351 3780 At,
1376 3707 1637 3779 hercule,
1682 3709 1843 3793 apud
1869 3709 2068 3774 hostes
2093 3713 2255 3775 tanta

319 4041 508 4062 :ha—.—
519 4059 522 4061 Α
