<?xml version="1.0" encoding="UTF-8"?>
<!DOCTYPE html PUBLIC "-//W3C//DTD XHTML 1.0 Transitional//EN"
    "http://www.w3.org/TR/xhtml1/DTD/xhtml1-transitional.dtd">
<html xmlns="http://www.w3.org/1999/xhtml" xml:lang="en" lang="en">
 <head>
  <title>
</title>
<meta http-equiv="Content-Type" content="text/html;charset=utf-8" />
  <meta name='ocr-system' content='tesseract 3.04.00' />
  <meta name='ocr-capabilities' content='ocr_page ocr_carea ocr_par ocr_line ocrx_word'/>
</head>
<body>
  <div class='ocr_page' id='page_1' title='image "./titiliviipatavi00livigoog_0286.png"; bbox 0 0 2400 4109; ppageno 0'>
   <div class='ocr_carea' id='block_1_1' title="bbox 219 119 1389 191">
    <p class='ocr_par' dir='ltr' id='par_1_1' title="bbox 219 119 1389 191">
     <span class='ocr_line' id='line_1_1' title="bbox 219 119 1389 191; baseline 0.002 -3"><span class='ocrx_word' id='word_1_1' title='bbox 219 133 340 189; x_wconf 70' lang='lat'>252</span> <span class='ocrx_word' id='word_1_2' title='bbox 419 119 424 124; x_wconf 82' lang='grc'><em>“</em></span> <span class='ocrx_word' id='word_1_3' title='bbox 1067 133 1145 190; x_wconf 87' lang='grc' dir='ltr'>Τ.</span> <span class='ocrx_word' id='word_1_4' title='bbox 1176 129 1389 191; x_wconf 72' lang='lat' dir='ltr'>Livn</span> 
     </span>
    </p>
   </div>
   <div class='ocr_carea' id='block_1_2' title="bbox 133 285 2233 3160">
    <p class='ocr_par' dir='ltr' id='par_1_2' title="bbox 214 285 2233 2758">
     <span class='ocr_line' id='line_1_2' title="bbox 300 285 2233 372; baseline -0.001 -23"><span class='ocrx_word' id='word_1_5' title='bbox 300 289 582 350; x_wconf 85' lang='lat' dir='ltr'>XXXVI.</span> <span class='ocrx_word' id='word_1_6' title='bbox 626 289 798 350; x_wconf 85' lang='lat' dir='ltr'>Mitis</span> <span class='ocrx_word' id='word_1_7' title='bbox 839 291 1082 372; x_wconf 84' lang='lat' dir='ltr'>legatio,</span> <span class='ocrx_word' id='word_1_8' title='bbox 1125 290 1188 349; x_wconf 87' lang='lat' dir='ltr'>ni</span> <span class='ocrx_word' id='word_1_9' title='bbox 1216 290 1573 368; x_wconf 77' lang='lat' dir='ltr'><strong>praeferoces</strong></span> <span class='ocrx_word' id='word_1_10' title='bbox 1614 289 1857 369; x_wconf 77' lang='lat' dir='ltr'>legatoS,</span> <span class='ocrx_word' id='word_1_11' title='bbox 1904 285 2233 366; x_wconf 82' lang='lat' dir='ltr'>Gallisque</span> 
     </span>
     <span class='ocr_line' id='line_1_3' title="bbox 218 369 2229 450; baseline -0.001 -22"><span class='ocrx_word' id='word_1_12' title='bbox 218 370 408 450; x_wconf 84' lang='lat' dir='ltr'>magis</span> <span class='ocrx_word' id='word_1_13' title='bbox 435 374 609 450; x_wconf 49' lang='lat' dir='ltr'>quam</span> <span class='ocrx_word' id='word_1_14' title='bbox 639 372 917 432; x_wconf 83' lang='lat' dir='ltr'>Romanis</span> <span class='ocrx_word' id='word_1_15' title='bbox 951 370 1194 437; x_wconf 80' lang='lat' dir='ltr'>simileS,</span> <span class='ocrx_word' id='word_1_16' title='bbox 1244 369 1545 428; x_wconf 83' lang='lat' dir='ltr'>habuisset</span> <span class='ocrx_word' id='word_1_17' title='bbox 1572 389 1589 438; x_wconf 92' lang='lat'>;</span> <span class='ocrx_word' id='word_1_18' title='bbox 1630 369 1863 448; x_wconf 80' lang='lat' dir='ltr'>quibuS‚</span> <span class='ocrx_word' id='word_1_19' title='bbox 1899 373 2229 448; x_wconf 79' lang='lat' dir='ltr'>postquam</span> 
     </span>
     <span class='ocr_line' id='line_1_4' title="bbox 217 449 2227 528; baseline -0.001 -21"><span class='ocrx_word' id='word_1_20' title='bbox 217 451 500 510; x_wconf 78' lang='lat' dir='ltr'>mandata</span> <span class='ocrx_word' id='word_1_21' title='bbox 527 451 848 510; x_wconf 87' lang='lat' dir='ltr'>ediderunt</span> <span class='ocrx_word' id='word_1_22' title='bbox 872 451 934 509; x_wconf 90' lang='lat' dir='ltr'>in</span> <span class='ocrx_word' id='word_1_23' title='bbox 977 449 1232 508; x_wconf 89' lang='lat' dir='ltr'>concilio</span> <span class='ocrx_word' id='word_1_24' title='bbox 1260 449 1591 516; x_wconf 74' lang='lat' dir='ltr'>Gallorum,</span> <span class='ocrx_word' id='word_1_25' title='bbox 1612 450 1790 508; x_wconf 87' lang='lat' dir='ltr'>datur</span> <span class='ocrx_word' id='word_1_26' title='bbox 1818 467 2171 528; x_wconf 85' lang='lat' dir='ltr'>responsum</span> <span class='ocrx_word' id='word_1_27' title='bbox 2208 469 2227 505; x_wconf 75' lang='lat' dir='ltr'>t</span> 
     </span>
     <span class='ocr_line' id='line_1_5' title="bbox 217 527 2227 604; baseline 0 -16"><span class='ocrx_word' id='word_1_28' title='bbox 217 539 252 564; x_wconf 90' lang='lat'><strong>“</strong></span> <span class='ocrx_word' id='word_1_29' title='bbox 276 531 358 588; x_wconf 89' lang='lat' dir='ltr'>Et</span> <span class='ocrx_word' id='word_1_30' title='bbox 382 531 434 588; x_wconf 88' lang='lat' dir='ltr'>si</span> <span class='ocrx_word' id='word_1_31' title='bbox 463 551 678 590; x_wconf 84' lang='lat' dir='ltr'>novum</span> <span class='ocrx_word' id='word_1_32' title='bbox 709 549 922 590; x_wconf 84' lang='lat' dir='ltr'>nomen</span> <span class='ocrx_word' id='word_1_33' title='bbox 965 528 1214 588; x_wconf 85' lang='lat' dir='ltr'>audiant</span> <span class='ocrx_word' id='word_1_34' title='bbox 1244 529 1663 596; x_wconf 81' lang='lat' dir='ltr'>Romanorum,</span> <span class='ocrx_word' id='word_1_35' title='bbox 1717 537 1919 586; x_wconf 83' lang='lat' dir='ltr'>tamen</span> <span class='ocrx_word' id='word_1_36' title='bbox 1958 527 2227 604; x_wconf 9' lang='lat' dir='ltr'>*credere</span> 
     </span>
     <span class='ocr_line' id='line_1_6' title="bbox 221 606 2229 688; baseline 0.001 -23"><span class='ocrx_word' id='word_1_37' title='bbox 221 608 378 668; x_wconf 81' lang='lat' dir='ltr'>viros</span> <span class='ocrx_word' id='word_1_38' title='bbox 418 610 605 670; x_wconf 81' lang='lat' dir='ltr'>fortes</span> <span class='ocrx_word' id='word_1_39' title='bbox 650 629 800 678; x_wconf 86' lang='lat' dir='ltr'>esse,</span> <span class='ocrx_word' id='word_1_40' title='bbox 845 629 1093 686; x_wconf 88' lang='lat' dir='ltr'>quorum</span> <span class='ocrx_word' id='word_1_41' title='bbox 1125 609 1412 668; x_wconf 71' lang='lat' dir='ltr'>auxilitsm</span> <span class='ocrx_word' id='word_1_42' title='bbox 1444 609 1479 667; x_wconf 63' lang='grc' dir='ltr'>εἰ</span> <span class='ocrx_word' id='word_1_43' title='bbox 1508 607 1775 668; x_wconf 74' lang='lat' dir='ltr'>Clusinis</span> <span class='ocrx_word' id='word_1_44' title='bbox 1802 606 1863 666; x_wconf 85' lang='lat' dir='ltr'>in</span> <span class='ocrx_word' id='word_1_45' title='bbox 1892 628 1955 666; x_wconf 88' lang='lat' dir='ltr'>re</span> <span class='ocrx_word' id='word_1_46' title='bbox 1980 607 2229 688; x_wconf 88' lang='lat' dir='ltr'>trepida</span> 
     </span>
     <span class='ocr_line' id='line_1_7' title="bbox 219 687 2225 769; baseline 0 -21"><span class='ocrx_word' id='word_1_47' title='bbox 219 689 298 748; x_wconf 77' lang='lat' dir='ltr'>sit</span> <span class='ocrx_word' id='word_1_48' title='bbox 318 689 694 769; x_wconf 83' lang='lat' dir='ltr'>imploratum</span> <span class='ocrx_word' id='word_1_49' title='bbox 721 710 736 756; x_wconf 72' lang='grc' dir='ltr'>ς</span> <span class='ocrx_word' id='word_1_50' title='bbox 759 697 838 756; x_wconf 86' lang='lat' dir='ltr'>et,</span> <span class='ocrx_word' id='word_1_51' title='bbox 861 690 1138 765; x_wconf 82' lang='lat' dir='ltr'>quoniam</span> <span class='ocrx_word' id='word_1_52' title='bbox 1167 690 1463 769; x_wconf 77' lang='lat' dir='ltr'>legatione</span> <span class='ocrx_word' id='word_1_53' title='bbox 1480 690 1769 746; x_wconf 83' lang='lat' dir='ltr'>adversus</span> <span class='ocrx_word' id='word_1_54' title='bbox 1792 707 1856 746; x_wconf 91' lang='lat' dir='ltr'>se</span> <span class='ocrx_word' id='word_1_55' title='bbox 1877 687 2225 756; x_wconf 82' lang='lat' dir='ltr'><strong>maluerint,</strong></span> 
     </span>
     <span class='ocr_line' id='line_1_8' title="bbox 217 765 2222 847; baseline -0 -21"><span class='ocrx_word' id='word_1_56' title='bbox 217 769 397 846; x_wconf 54' lang='lat' dir='ltr'>quim</span> <span class='ocrx_word' id='word_1_57' title='bbox 425 770 624 838; x_wconf 85' lang='lat' dir='ltr'>armis,</span> <span class='ocrx_word' id='word_1_58' title='bbox 651 768 806 826; x_wconf 85' lang='lat' dir='ltr'>tueri</span> <span class='ocrx_word' id='word_1_59' title='bbox 849 768 1059 836; x_wconf 75' lang='lat' dir='ltr'>sociOS,</span> <span class='ocrx_word' id='word_1_60' title='bbox 1089 789 1162 826; x_wconf 89' lang='lat' dir='ltr'>ne</span> <span class='ocrx_word' id='word_1_61' title='bbox 1187 787 1252 826; x_wconf 86' lang='lat' dir='ltr'>se</span> <span class='ocrx_word' id='word_1_62' title='bbox 1280 769 1521 846; x_wconf 88' lang='lat' dir='ltr'>quidem</span> <span class='ocrx_word' id='word_1_63' title='bbox 1551 788 1778 847; x_wconf 83' lang='lat' dir='ltr'><strong>pacem,</strong></span> <span class='ocrx_word' id='word_1_64' title='bbox 1807 775 1986 846; x_wconf 80' lang='lat' dir='ltr'>&#39;quam</span> <span class='ocrx_word' id='word_1_65' title='bbox 2008 765 2101 826; x_wconf 89' lang='lat' dir='ltr'>illi</span> <span class='ocrx_word' id='word_1_66' title='bbox 2130 768 2222 826; x_wconf 86' lang='lat' dir='ltr'>af-</span> 
     </span>
     <span class='ocr_line' id='line_1_9' title="bbox 217 847 2222 928; baseline 0 -23"><span class='ocrx_word' id='word_1_67' title='bbox 217 847 436 917; x_wconf 82' lang='lat' dir='ltr'>ferant,</span> <span class='ocrx_word' id='word_1_68' title='bbox 457 849 778 928; x_wconf 84' lang='lat' dir='ltr'>aspernari,</span> <span class='ocrx_word' id='word_1_69' title='bbox 800 847 851 906; x_wconf 86' lang='lat' dir='ltr'>si</span> <span class='ocrx_word' id='word_1_70' title='bbox 881 849 1093 915; x_wconf 79' lang='lat' dir='ltr'>Gallis,</span> <span class='ocrx_word' id='word_1_71' title='bbox 1135 849 1441 928; x_wconf 76' lang='lat' dir='ltr'>egentibus</span> <span class='ocrx_word' id='word_1_72' title='bbox 1472 867 1630 926; x_wconf 79' lang='lat' dir='ltr'>agro,</span> <span class='ocrx_word' id='word_1_73' title='bbox 1660 868 1837 926; x_wconf 85' lang='lat' dir='ltr'>quem</span> <span class='ocrx_word' id='word_1_74' title='bbox 1866 849 2052 906; x_wconf 67' lang='lat' dir='ltr'>latins</span> <span class='ocrx_word' id='word_1_75' title='bbox 2081 867 2222 926; x_wconf 88' lang='lat' dir='ltr'>pos-</span> 
     </span>
     <span class='ocr_line' id='line_1_10' title="bbox 221 925 2222 1007; baseline 0 -23"><span class='ocrx_word' id='word_1_76' title='bbox 221 925 474 998; x_wconf 77' lang='lat' dir='ltr'>sideant,</span> <span class='ocrx_word' id='word_1_77' title='bbox 521 929 696 1005; x_wconf 50' lang='lat' dir='ltr'>quam</span> <span class='ocrx_word' id='word_1_78' title='bbox 743 929 962 996; x_wconf 79' lang='lat' dir='ltr'><strong>colant,</strong></span> <span class='ocrx_word' id='word_1_79' title='bbox 1015 927 1271 996; x_wconf 79' lang='lat' dir='ltr'>Clusini,</span> <span class='ocrx_word' id='word_1_80' title='bbox 1324 935 1551 1007; x_wconf 87' lang='lat' dir='ltr'>partem</span> <span class='ocrx_word' id='word_1_81' title='bbox 1596 927 1805 1002; x_wconf 82' lang='lat' dir='ltr'>finium</span> <span class='ocrx_word' id='word_1_82' title='bbox 1835 927 2174 986; x_wconf 79' lang='lat' dir='ltr'>concedant</span> <span class='ocrx_word' id='word_1_83' title='bbox 2206 949 2222 984; x_wconf 73' lang='grc' dir='ltr'>ε</span> 
     </span>
     <span class='ocr_line' id='line_1_11' title="bbox 217 1005 2220 1087; baseline 0 -23"><span class='ocrx_word' id='word_1_84' title='bbox 217 1005 394 1066; x_wconf 84' lang='lat' dir='ltr'>aliter</span> <span class='ocrx_word' id='word_1_85' title='bbox 418 1027 626 1086; x_wconf 84' lang='lat' dir='ltr'>pacem</span> <span class='ocrx_word' id='word_1_86' title='bbox 658 1007 960 1086; x_wconf 82' lang='lat' dir='ltr'>impetrari</span> <span class='ocrx_word' id='word_1_87' title='bbox 985 1027 1104 1066; x_wconf 91' lang='lat' dir='ltr'>non</span> <span class='ocrx_word' id='word_1_88' title='bbox 1131 1027 1315 1087; x_wconf 84' lang='lat' dir='ltr'>posse.</span> <span class='ocrx_word' id='word_1_89' title='bbox 1397 1007 1479 1064; x_wconf 81' lang='lat' dir='ltr'>Et</span> <span class='ocrx_word' id='word_1_90' title='bbox 1503 1025 1845 1086; x_wconf 84' lang='lat' dir='ltr'>responsum</span> <span class='ocrx_word' id='word_1_91' title='bbox 1872 1027 2073 1066; x_wconf 85' lang='lat' dir='ltr'>coram</span> <span class='ocrx_word' id='word_1_92' title='bbox 2099 1009 2220 1066; x_wconf 73' lang='lat' dir='ltr'>Ro·</span> 
     </span>
     <span class='ocr_line' id='line_1_12' title="bbox 217 1085 2219 1166; baseline 0.002 -24"><span class='ocrx_word' id='word_1_93' title='bbox 217 1085 409 1143; x_wconf 86' lang='lat' dir='ltr'>manis</span> <span class='ocrx_word' id='word_1_94' title='bbox 429 1085 704 1166; x_wconf 82' lang='lat' dir='ltr'>accipere</span> <span class='ocrx_word' id='word_1_95' title='bbox 732 1087 888 1148; x_wconf 83' lang='lat' dir='ltr'>velle</span> <span class='ocrx_word' id='word_1_96' title='bbox 919 1107 934 1144; x_wconf 72' lang='grc' dir='ltr'>ι</span> <span class='ocrx_word' id='word_1_97' title='bbox 977 1093 1056 1154; x_wconf 87' lang='lat' dir='ltr'>et,</span> <span class='ocrx_word' id='word_1_98' title='bbox 1085 1087 1134 1146; x_wconf 91' lang='lat' dir='ltr'>si</span> <span class='ocrx_word' id='word_1_99' title='bbox 1162 1097 1411 1166; x_wconf 79' lang='lat' dir='ltr'>negetur</span> <span class='ocrx_word' id='word_1_100' title='bbox 1440 1106 1599 1166; x_wconf 82' lang='lat' dir='ltr'>ager,</span> <span class='ocrx_word' id='word_1_101' title='bbox 1629 1107 1829 1151; x_wconf 84' lang='lat' dir='ltr'>coram</span> <span class='ocrx_word' id='word_1_102' title='bbox 1842 1085 2063 1154; x_wconf 79' lang='lat' dir='ltr'>iisdem</span> <span class='ocrx_word' id='word_1_103' title='bbox 2094 1087 2219 1146; x_wconf 90' lang='lat' dir='ltr'>Ro·</span> 
     </span>
     <span class='ocr_line' id='line_1_13' title="bbox 215 1164 2219 1245; baseline 0 -21"><span class='ocrx_word' id='word_1_104' title='bbox 215 1164 408 1224; x_wconf 87' lang='lat' dir='ltr'>manis</span> <span class='ocrx_word' id='word_1_105' title='bbox 449 1166 850 1235; x_wconf 87' lang='lat' dir='ltr'>dimicaturos,</span> <span class='ocrx_word' id='word_1_106' title='bbox 898 1173 964 1226; x_wconf 83' lang='lat' dir='ltr'>ut</span> <span class='ocrx_word' id='word_1_107' title='bbox 1011 1168 1297 1227; x_wconf 83' lang='lat' dir='ltr'>nunciare</span> <span class='ocrx_word' id='word_1_108' title='bbox 1339 1165 1575 1225; x_wconf 87' lang='lat' dir='ltr'>domum</span> <span class='ocrx_word' id='word_1_109' title='bbox 1634 1172 1894 1245; x_wconf 80' lang='lat' dir='ltr'>possent,</span> <span class='ocrx_word' id='word_1_110' title='bbox 1924 1180 2219 1244; x_wconf 87' lang='lat' dir='ltr'>quantum</span> 
     </span>
     <span class='ocr_line' id='line_1_14' title="bbox 219 1245 2219 1326; baseline 0.001 -24"><span class='ocrx_word' id='word_1_111' title='bbox 219 1245 383 1304; x_wconf 87' lang='lat' dir='ltr'>Galli</span> <span class='ocrx_word' id='word_1_112' title='bbox 404 1245 626 1306; x_wconf 80' lang='lat' dir='ltr'>virtute.</span> <span class='ocrx_word' id='word_1_113' title='bbox 643 1256 874 1306; x_wconf 85' lang='lat' dir='ltr'>ceteros</span> <span class='ocrx_word' id='word_1_114' title='bbox 892 1247 1170 1306; x_wconf 78' lang='lat' dir='ltr'>mortales</span> <span class='ocrx_word' id='word_1_115' title='bbox 1189 1247 1605 1326; x_wconf 81' lang='lat' dir='ltr'>praestarent.”</span> <span class='ocrx_word' id='word_1_116' title='bbox 1648 1259 1683 1282; x_wconf 86' lang='lat'><strong>“</strong></span> <span class='ocrx_word' id='word_1_117' title='bbox 1708 1246 1879 1318; x_wconf 86' lang='lat' dir='ltr'>Quod</span> <span class='ocrx_word' id='word_1_118' title='bbox 1888 1265 2023 1304; x_wconf 91' lang='lat' dir='ltr'>nam</span> <span class='ocrx_word' id='word_1_119' title='bbox 2043 1246 2103 1304; x_wconf 87' lang='lat' dir='ltr'>id</span> <span class='ocrx_word' id='word_1_120' title='bbox 2110 1249 2219 1326; x_wconf 86' lang='lat' dir='ltr'>jus</span> 
     </span>
     <span class='ocr_line' id='line_1_15' title="bbox 217 1325 2220 1406; baseline -0.001 -22"><span class='ocrx_word' id='word_1_121' title='bbox 217 1331 394 1394; x_wconf 87' lang='lat' dir='ltr'>esset,</span> <span class='ocrx_word' id='word_1_122' title='bbox 447 1346 652 1406; x_wconf 85' lang='lat' dir='ltr'>agrum</span> <span class='ocrx_word' id='word_1_123' title='bbox 706 1349 740 1384; x_wconf 83' lang='lat' dir='ltr'>a</span> <span class='ocrx_word' id='word_1_124' title='bbox 793 1325 1227 1404; x_wconf 83' lang='lat' dir='ltr'>possessoribus</span> <span class='ocrx_word' id='word_1_125' title='bbox 1276 1332 1498 1404; x_wconf 85' lang='lat' dir='ltr'>petere,</span> <span class='ocrx_word' id='word_1_126' title='bbox 1540 1331 1646 1384; x_wconf 85' lang='lat' dir='ltr'>aut</span> <span class='ocrx_word' id='word_1_127' title='bbox 1697 1325 1911 1385; x_wconf 88' lang='lat' dir='ltr'>minari</span> <span class='ocrx_word' id='word_1_128' title='bbox 1964 1345 2125 1386; x_wconf 88' lang='lat' dir='ltr'>arma</span> <span class='ocrx_word' id='word_1_129' title='bbox 2142 1326 2220 1382; x_wconf 79' lang='lat'>?&#39;’</span> 
     </span>
     <span class='ocr_line' id='line_1_16' title="bbox 217 1404 2218 1484; baseline 0 -23"><span class='ocrx_word' id='word_1_130' title='bbox 217 1405 502 1465; x_wconf 81' lang='lat' dir='ltr'>Romanis</span> <span class='ocrx_word' id='word_1_131' title='bbox 522 1408 968 1484; x_wconf 56' lang='lat' dir='ltr'>quaerentibus</span> <span class='ocrx_word' id='word_1_132' title='bbox 987 1412 1066 1474; x_wconf 87' lang='lat' dir='ltr'>et,</span> <span class='ocrx_word' id='word_1_133' title='bbox 1088 1404 1273 1484; x_wconf 85' lang='lat' dir='ltr'>“quid</span> <span class='ocrx_word' id='word_1_134' title='bbox 1293 1405 1353 1465; x_wconf 89' lang='lat' dir='ltr'>in</span> <span class='ocrx_word' id='word_1_135' title='bbox 1377 1405 1617 1464; x_wconf 76' lang='lat' dir='ltr'>Etruria</span> <span class='ocrx_word' id='word_1_136' title='bbox 1640 1405 1725 1465; x_wconf 90' lang='lat' dir='ltr'>rei</span> <span class='ocrx_word' id='word_1_137' title='bbox 1746 1405 1941 1464; x_wconf 88' lang='lat' dir='ltr'>Gallis</span> <span class='ocrx_word' id='word_1_138' title='bbox 1964 1417 2122 1465; x_wconf 86' lang='lat' dir='ltr'>esset</span> <span class='ocrx_word' id='word_1_139' title='bbox 2142 1405 2218 1462; x_wconf 83' lang='lat'>?”</span> 
     </span>
     <span class='ocr_line' id='line_1_17' title="bbox 217 1485 2218 1565; baseline 0.001 -23"><span class='ocrx_word' id='word_1_140' title='bbox 217 1503 402 1560; x_wconf 82' lang='lat' dir='ltr'>quum</span> <span class='ocrx_word' id='word_1_141' title='bbox 430 1485 540 1554; x_wconf 89' lang='lat' dir='ltr'>illi,</span> <span class='ocrx_word' id='word_1_142' title='bbox 588 1497 624 1520; x_wconf 88' lang='lat'><strong><em>“</em></strong></span> <span class='ocrx_word' id='word_1_143' title='bbox 644 1505 710 1544; x_wconf 87' lang='lat' dir='ltr'>se</span> <span class='ocrx_word' id='word_1_144' title='bbox 735 1485 800 1543; x_wconf 83' lang='lat' dir='ltr'>in</span> <span class='ocrx_word' id='word_1_145' title='bbox 822 1485 1001 1544; x_wconf 85' lang='lat' dir='ltr'>armis</span> <span class='ocrx_word' id='word_1_146' title='bbox 1042 1491 1146 1565; x_wconf 83' lang='lat' dir='ltr'>jus</span> <span class='ocrx_word' id='word_1_147' title='bbox 1175 1485 1397 1553; x_wconf 82' lang='lat' dir='ltr'>serre,&#39;’</span> <span class='ocrx_word' id='word_1_148' title='bbox 1427 1491 1491 1542; x_wconf 87' lang='lat' dir='ltr'>et</span> <span class='ocrx_word' id='word_1_149' title='bbox 1511 1497 1543 1520; x_wconf 89' lang='lat'><strong>“</strong></span> <span class='ocrx_word' id='word_1_150' title='bbox 1568 1487 1764 1545; x_wconf 89' lang='lat' dir='ltr'>omnia</span> <span class='ocrx_word' id='word_1_151' title='bbox 1793 1485 2030 1544; x_wconf 83' lang='lat' dir='ltr'>fortium</span> <span class='ocrx_word' id='word_1_152' title='bbox 2058 1485 2218 1544; x_wconf 77' lang='lat' dir='ltr'>viro-</span> 
     </span>
     <span class='ocr_line' id='line_1_18' title="bbox 219 1561 2219 1644; baseline 0 -22"><span class='ocrx_word' id='word_1_153' title='bbox 219 1584 349 1622; x_wconf 84' lang='lat' dir='ltr'>rum</span> <span class='ocrx_word' id='word_1_154' title='bbox 379 1567 572 1633; x_wconf 80' lang='lat' dir='ltr'>esse,”</span> <span class='ocrx_word' id='word_1_155' title='bbox 626 1563 904 1624; x_wconf 83' lang='lat' dir='ltr'>ferociter</span> <span class='ocrx_word' id='word_1_156' title='bbox 931 1565 1225 1632; x_wconf 77' lang='lat' dir='ltr'>dicerent,</span> <span class='ocrx_word' id='word_1_157' title='bbox 1272 1561 1542 1624; x_wconf 84' lang='lat' dir='ltr'>accensis</span> <span class='ocrx_word' id='word_1_158' title='bbox 1568 1566 1850 1644; x_wconf 88' lang='lat' dir='ltr'>utrinque</span> <span class='ocrx_word' id='word_1_159' title='bbox 1878 1564 2091 1624; x_wconf 83' lang='lat' dir='ltr'>animis</span> <span class='ocrx_word' id='word_1_160' title='bbox 2136 1565 2219 1623; x_wconf 85' lang='lat' dir='ltr'>ad</span> 
     </span>
     <span class='ocr_line' id='line_1_19' title="bbox 217 1643 2219 1724; baseline 0 -23"><span class='ocrx_word' id='word_1_161' title='bbox 217 1663 382 1703; x_wconf 81' lang='lat' dir='ltr'>arma</span> <span class='ocrx_word' id='word_1_162' title='bbox 409 1643 780 1712; x_wconf 87' lang='lat' dir='ltr'>discurritur,</span> <span class='ocrx_word' id='word_1_163' title='bbox 830 1651 892 1703; x_wconf 84' lang='lat' dir='ltr'>et</span> <span class='ocrx_word' id='word_1_164' title='bbox 931 1645 1211 1724; x_wconf 85' lang='lat' dir='ltr'>proelium</span> <span class='ocrx_word' id='word_1_165' title='bbox 1237 1645 1586 1704; x_wconf 87' lang='lat' dir='ltr'>conseritur.</span> <span class='ocrx_word' id='word_1_166' title='bbox 1668 1646 1783 1713; x_wconf 84' lang='lat' dir='ltr'>lbi,</span> <span class='ocrx_word' id='word_1_167' title='bbox 1794 1645 1925 1724; x_wconf 86' lang='lat' dir='ltr'>jam</span> <span class='ocrx_word' id='word_1_168' title='bbox 1953 1645 2219 1724; x_wconf 82' lang='lat' dir='ltr'>urgenti·</span> 
     </span>
     <span class='ocr_line' id='line_1_20' title="bbox 217 1723 2219 1804; baseline 0 -22"><span class='ocrx_word' id='word_1_169' title='bbox 217 1725 326 1782; x_wconf 87' lang='lat' dir='ltr'>bus</span> <span class='ocrx_word' id='word_1_170' title='bbox 355 1726 690 1783; x_wconf 79' lang='lat' dir='ltr'>Romanam</span> <span class='ocrx_word' id='word_1_171' title='bbox 718 1726 925 1782; x_wconf 89' lang='lat' dir='ltr'>urbem</span> <span class='ocrx_word' id='word_1_172' title='bbox 971 1723 1130 1792; x_wconf 87' lang='lat' dir='ltr'>fatis,</span> <span class='ocrx_word' id='word_1_173' title='bbox 1175 1724 1357 1804; x_wconf 84' lang='lat' dir='ltr'>legati</span> <span class='ocrx_word' id='word_1_174' title='bbox 1380 1732 1588 1784; x_wconf 86' lang='lat' dir='ltr'>contra</span> <span class='ocrx_word' id='word_1_175' title='bbox 1606 1725 1709 1804; x_wconf 88' lang='lat' dir='ltr'>jus</span> <span class='ocrx_word' id='word_1_176' title='bbox 1756 1723 2022 1804; x_wconf 79' lang='lat' dir='ltr'>gentium</span> <span class='ocrx_word' id='word_1_177' title='bbox 2050 1743 2219 1782; x_wconf 83' lang='lat' dir='ltr'>arma</span> 
     </span>
     <span class='ocr_line' id='line_1_21' title="bbox 219 1803 2220 1884; baseline 0.002 -24"><span class='ocrx_word' id='word_1_178' title='bbox 219 1803 462 1882; x_wconf 85' lang='lat' dir='ltr'>capiunt</span> <span class='ocrx_word' id='word_1_179' title='bbox 485 1823 503 1872; x_wconf 90' lang='lat'>;</span> <span class='ocrx_word' id='word_1_180' title='bbox 543 1823 656 1862; x_wconf 88' lang='lat' dir='ltr'>nec</span> <span class='ocrx_word' id='word_1_181' title='bbox 681 1803 746 1862; x_wconf 86' lang='lat' dir='ltr'>id</span> <span class='ocrx_word' id='word_1_182' title='bbox 776 1805 930 1862; x_wconf 88' lang='lat' dir='ltr'>clam</span> <span class='ocrx_word' id='word_1_183' title='bbox 954 1824 1086 1864; x_wconf 87' lang='lat' dir='ltr'>esse</span> <span class='ocrx_word' id='word_1_184' title='bbox 1107 1808 1321 1882; x_wconf 82' lang='lat' dir='ltr'>potuit,</span> <span class='ocrx_word' id='word_1_185' title='bbox 1349 1825 1531 1882; x_wconf 85' lang='lat' dir='ltr'>quum</span> <span class='ocrx_word' id='word_1_186' title='bbox 1563 1812 1701 1881; x_wconf 78' lang='lat' dir='ltr'>ante</span> <span class='ocrx_word' id='word_1_187' title='bbox 1730 1807 1900 1884; x_wconf 76' lang='lat' dir='ltr'>signa</span> <span class='ocrx_word' id='word_1_188' title='bbox 1938 1803 2220 1864; x_wconf 85' lang='lat' dir='ltr'>Etrusco·</span> 
     </span>
     <span class='ocr_line' id='line_1_22' title="bbox 217 1881 2216 1964; baseline -0.002 -22"><span class='ocrx_word' id='word_1_189' title='bbox 217 1901 345 1942; x_wconf 84' lang='lat' dir='ltr'>rum</span> <span class='ocrx_word' id='word_1_190' title='bbox 377 1890 498 1944; x_wconf 82' lang='lat' dir='ltr'>tres</span> <span class='ocrx_word' id='word_1_191' title='bbox 525 1882 879 1942; x_wconf 87' lang='lat' dir='ltr'>nobilissimi</span> <span class='ocrx_word' id='word_1_192' title='bbox 905 1881 1329 1962; x_wconf 83' lang='lat' dir='ltr'>fortissimique</span> <span class='ocrx_word' id='word_1_193' title='bbox 1384 1885 1667 1943; x_wconf 82' lang='lat' dir='ltr'>Romanae</span> <span class='ocrx_word' id='word_1_194' title='bbox 1702 1882 2041 1964; x_wconf 82' lang='lat' dir='ltr'>juventutis</span> <span class='ocrx_word' id='word_1_195' title='bbox 2066 1901 2216 1962; x_wconf 74' lang='lat' dir='ltr'>pun·-</span> 
     </span>
     <span class='ocr_line' id='line_1_23' title="bbox 219 1961 2221 2043; baseline -0.001 -21"><span class='ocrx_word' id='word_1_196' title='bbox 219 1965 434 2022; x_wconf 80' lang='lat' dir='ltr'>narent</span> <span class='ocrx_word' id='word_1_197' title='bbox 456 1983 476 2033; x_wconf 82' lang='lat'><em>3</em></span> <span class='ocrx_word' id='word_1_198' title='bbox 515 1969 758 2034; x_wconf 44' lang='lat' dir='ltr'>tantum*</span> <span class='ocrx_word' id='word_1_199' title='bbox 780 1961 1076 2022; x_wconf 82' lang='lat' dir='ltr'>eminebat</span> <span class='ocrx_word' id='word_1_200' title='bbox 1105 1961 1417 2043; x_wconf 83' lang='lat' dir='ltr'>peregrina</span> <span class='ocrx_word' id='word_1_201' title='bbox 1444 1964 1648 2022; x_wconf 85' lang='lat' dir='ltr'>virtus.</span> <span class='ocrx_word' id='word_1_202' title='bbox 1734 1963 1894 2036; x_wconf 78' lang='lat' dir='ltr'>Quin</span> <span class='ocrx_word' id='word_1_203' title='bbox 1938 1963 2117 2022; x_wconf 86' lang='lat' dir='ltr'>etiam</span> <span class='ocrx_word' id='word_1_204' title='bbox 2204 2005 2221 2020; x_wconf 86' lang='lat'><strong><em>.</em></strong></span> 
     </span>
     <span class='ocr_line' id='line_1_24' title="bbox 219 2038 2211 2120; baseline -0.001 -19"><span class='ocrx_word' id='word_1_205' title='bbox 219 2043 453 2111; x_wconf 70' lang='lat' dir='ltr'>Fabius-3,</span> <span class='ocrx_word' id='word_1_206' title='bbox 497 2048 946 2112; x_wconf 57' lang='lat' dir='ltr'>evectusextra„</span> <span class='ocrx_word' id='word_1_207' title='bbox 965 2041 1154 2102; x_wconf 84' lang='lat' dir='ltr'>aciem</span> <span class='ocrx_word' id='word_1_208' title='bbox 1183 2062 1357 2120; x_wconf 88' lang='lat' dir='ltr'>equo,</span> <span class='ocrx_word' id='word_1_209' title='bbox 1386 2043 1603 2102; x_wconf 88' lang='lat' dir='ltr'>ducem</span> <span class='ocrx_word' id='word_1_210' title='bbox 1632 2043 1967 2110; x_wconf 84' lang='lat' dir='ltr'>Gallorum,</span> <span class='ocrx_word' id='word_1_211' title='bbox 1996 2038 2211 2100; x_wconf 84' lang='lat' dir='ltr'>feroci-</span> 
     </span>
     <span class='ocr_line' id='line_1_25' title="bbox 215 2121 2216 2202; baseline 0 -22"><span class='ocrx_word' id='word_1_212' title='bbox 215 2129 311 2180; x_wconf 91' lang='lat' dir='ltr'>ter</span> <span class='ocrx_word' id='word_1_213' title='bbox 338 2122 400 2180; x_wconf 90' lang='lat' dir='ltr'>in</span> <span class='ocrx_word' id='word_1_214' title='bbox 445 2123 578 2202; x_wconf 89' lang='lat' dir='ltr'>ipsa</span> <span class='ocrx_word' id='word_1_215' title='bbox 604 2121 774 2200; x_wconf 86' lang='lat' dir='ltr'>signa</span> <span class='ocrx_word' id='word_1_216' title='bbox 802 2121 1188 2186; x_wconf 83' lang='lat' dir='ltr'>Etruscorum</span> <span class='ocrx_word' id='word_1_217' title='bbox 1216 2121 1641 2199; x_wconf 75' lang='lat' dir='ltr'>incursantem,</span> <span class='ocrx_word' id='word_1_218' title='bbox 1694 2142 1803 2202; x_wconf 86' lang='lat' dir='ltr'>per</span> <span class='ocrx_word' id='word_1_219' title='bbox 1830 2123 1989 2180; x_wconf 87' lang='lat' dir='ltr'>latus</span> <span class='ocrx_word' id='word_1_220' title='bbox 2017 2127 2216 2182; x_wconf 88' lang='lat' dir='ltr'>trans-</span> 
     </span>
     <span class='ocr_line' id='line_1_26' title="bbox 215 2199 2216 2282; baseline 0.002 -25"><span class='ocrx_word' id='word_1_221' title='bbox 215 2205 398 2260; x_wconf 84' lang='lat' dir='ltr'>fixum</span> <span class='ocrx_word' id='word_1_222' title='bbox 427 2202 618 2270; x_wconf 68' lang='lat' dir='ltr'>basta,</span> <span class='ocrx_word' id='word_1_223' title='bbox 640 2201 905 2260; x_wconf 86' lang='lat' dir='ltr'>occidit:</span> <span class='ocrx_word' id='word_1_224' title='bbox 949 2203 1254 2280; x_wconf 87' lang='lat' dir='ltr'>spoliaque</span> <span class='ocrx_word' id='word_1_225' title='bbox 1308 2204 1439 2281; x_wconf 85' lang='lat' dir='ltr'>ejus</span> <span class='ocrx_word' id='word_1_226' title='bbox 1478 2201 1775 2282; x_wconf 84' lang='lat' dir='ltr'>legentem</span> <span class='ocrx_word' id='word_1_227' title='bbox 1826 2199 1991 2261; x_wconf 87' lang='lat' dir='ltr'>Galli</span> <span class='ocrx_word' id='word_1_228' title='bbox 2034 2222 2216 2282; x_wconf 79' lang='lat' dir='ltr'>agno-</span> 
     </span>
     <span class='ocr_line' id='line_1_27' title="bbox 215 2281 2217 2362; baseline 0.002 -26"><span class='ocrx_word' id='word_1_229' title='bbox 215 2297 376 2350; x_wconf 86' lang='lat' dir='ltr'>vere,</span> <span class='ocrx_word' id='word_1_230' title='bbox 403 2301 630 2360; x_wconf 84' lang='lat' dir='ltr'>perque</span> <span class='ocrx_word' id='word_1_231' title='bbox 658 2286 840 2340; x_wconf 84' lang='lat' dir='ltr'>totam</span> <span class='ocrx_word' id='word_1_232' title='bbox 871 2281 1080 2350; x_wconf 83' lang='lat' dir='ltr'>aciem,</span> <span class='ocrx_word' id='word_1_233' title='bbox 1119 2281 1455 2340; x_wconf 86' lang='lat' dir='ltr'>Romanum</span> <span class='ocrx_word' id='word_1_234' title='bbox 1495 2282 1755 2362; x_wconf 84' lang='lat' dir='ltr'>legatum</span> <span class='ocrx_word' id='word_1_235' title='bbox 1786 2301 1938 2350; x_wconf 84' lang='lat' dir='ltr'>esse,</span> <span class='ocrx_word' id='word_1_236' title='bbox 1981 2281 2217 2362; x_wconf 85' lang='lat' dir='ltr'>signum</span> 
     </span>
     <span class='ocr_line' id='line_1_28' title="bbox 219 2359 2217 2442; baseline 0.001 -24"><span class='ocrx_word' id='word_1_237' title='bbox 219 2361 422 2422; x_wconf 85' lang='lat' dir='ltr'>datum</span> <span class='ocrx_word' id='word_1_238' title='bbox 453 2373 562 2420; x_wconf 87' lang='lat' dir='ltr'>est.</span> <span class='ocrx_word' id='word_1_239' title='bbox 644 2361 881 2419; x_wconf 71' lang='lat' dir='ltr'>Omissa</span> <span class='ocrx_word' id='word_1_240' title='bbox 909 2359 1050 2419; x_wconf 89' lang='lat' dir='ltr'>inde</span> <span class='ocrx_word' id='word_1_241' title='bbox 1079 2361 1142 2420; x_wconf 89' lang='lat' dir='ltr'>in</span> <span class='ocrx_word' id='word_1_242' title='bbox 1169 2361 1454 2421; x_wconf 88' lang='lat' dir='ltr'>Clusinos</span> <span class='ocrx_word' id='word_1_243' title='bbox 1482 2361 1593 2430; x_wconf 69' lang='lat' dir='ltr'>ira,</span> <span class='ocrx_word' id='word_1_244' title='bbox 1640 2360 1911 2442; x_wconf 89' lang='lat' dir='ltr'>receptui</span> <span class='ocrx_word' id='word_1_245' title='bbox 1974 2367 2217 2430; x_wconf 88' lang='lat' dir='ltr'>canunt,</span> 
     </span>
     <span class='ocr_line' id='line_1_29' title="bbox 214 2439 2216 2522; baseline 0 -22"><span class='ocrx_word' id='word_1_246' title='bbox 214 2441 510 2508; x_wconf 83' lang='lat' dir='ltr'>minantes</span> <span class='ocrx_word' id='word_1_247' title='bbox 553 2440 862 2499; x_wconf 82' lang='lat' dir='ltr'>Romanis.</span> <span class='ocrx_word' id='word_1_248' title='bbox 943 2441 1152 2511; x_wconf 84' lang='lat' dir='ltr'>Erant,</span> <span class='ocrx_word' id='word_1_249' title='bbox 1196 2439 1301 2519; x_wconf 88' lang='lat' dir='ltr'>qui</span> <span class='ocrx_word' id='word_1_250' title='bbox 1330 2441 1629 2522; x_wconf 84' lang='lat' dir='ltr'>extemplo</span> <span class='ocrx_word' id='word_1_251' title='bbox 1668 2441 1921 2500; x_wconf 85' lang='lat' dir='ltr'>Romam</span> <span class='ocrx_word' id='word_1_252' title='bbox 1950 2441 2216 2500; x_wconf 85' lang='lat' dir='ltr'>eundum</span> 
     </span>
     <span class='ocr_line' id='line_1_30' title="bbox 218 2518 2217 2600; baseline 0 -20"><span class='ocrx_word' id='word_1_253' title='bbox 218 2527 534 2580; x_wconf 86' lang='lat' dir='ltr'>censerent</span> <span class='ocrx_word' id='word_1_254' title='bbox 560 2538 579 2589; x_wconf 81' lang='lat'><em>3</em></span> <span class='ocrx_word' id='word_1_255' title='bbox 621 2518 820 2578; x_wconf 83' lang='lat' dir='ltr'>vicere</span> <span class='ocrx_word' id='word_1_256' title='bbox 849 2519 1131 2589; x_wconf 78' lang='lat' dir='ltr'>seniores,</span> <span class='ocrx_word' id='word_1_257' title='bbox 1159 2529 1229 2578; x_wconf 90' lang='lat' dir='ltr'>ut</span> <span class='ocrx_word' id='word_1_258' title='bbox 1248 2521 1429 2600; x_wconf 83' lang='lat' dir='ltr'>legati</span> <span class='ocrx_word' id='word_1_259' title='bbox 1450 2521 1617 2600; x_wconf 67' lang='lat' dir='ltr'>prius</span> <span class='ocrx_word' id='word_1_260' title='bbox 1636 2522 2017 2580; x_wconf 85' lang='lat' dir='ltr'>mitterentur</span> <span class='ocrx_word' id='word_1_261' title='bbox 2038 2541 2217 2600; x_wconf 89' lang='lat' dir='ltr'>ques-</span> 
     </span>
     <span class='ocr_line' id='line_1_31' title="bbox 216 2599 2218 2682; baseline 0 -23"><span class='ocrx_word' id='word_1_262' title='bbox 216 2613 342 2659; x_wconf 88' lang='lat' dir='ltr'>tum</span> <span class='ocrx_word' id='word_1_263' title='bbox 368 2599 613 2678; x_wconf 84' lang='lat' dir='ltr'>injurias</span> <span class='ocrx_word' id='word_1_264' title='bbox 639 2599 1144 2680; x_wconf 77' lang='lat' dir='ltr'>postulatumque,</span> <span class='ocrx_word' id='word_1_265' title='bbox 1173 2606 1242 2658; x_wconf 88' lang='lat' dir='ltr'>ut</span> <span class='ocrx_word' id='word_1_266' title='bbox 1269 2621 1373 2679; x_wconf 87' lang='lat' dir='ltr'>pro</span> <span class='ocrx_word' id='word_1_267' title='bbox 1392 2603 1531 2680; x_wconf 85' lang='lat' dir='ltr'>jure</span> <span class='ocrx_word' id='word_1_268' title='bbox 1558 2599 1824 2682; x_wconf 82' lang='lat' dir='ltr'>gentium</span> <span class='ocrx_word' id='word_1_269' title='bbox 1842 2600 2071 2661; x_wconf 79' lang='lat' dir='ltr'>-violato</span> <span class='ocrx_word' id='word_1_270' title='bbox 2100 2601 2218 2660; x_wconf 88' lang='lat' dir='ltr'>Fa-</span> 
     </span>
     <span class='ocr_line' id='line_1_32' title="bbox 215 2677 2217 2758; baseline 0 -19"><span class='ocrx_word' id='word_1_271' title='bbox 215 2680 297 2739; x_wconf 86' lang='lat' dir='ltr'>bii</span> <span class='ocrx_word' id='word_1_272' title='bbox 340 2677 722 2738; x_wconf 73' lang='lat' dir='ltr'>dederentur.</span> <span class='ocrx_word' id='word_1_273' title='bbox 841 2680 1056 2757; x_wconf 86' lang='lat' dir='ltr'>Legati</span> <span class='ocrx_word' id='word_1_274' title='bbox 1099 2680 1410 2738; x_wconf 83' lang='lat' dir='ltr'>Gallorum</span> <span class='ocrx_word' id='word_1_275' title='bbox 1459 2701 1644 2758; x_wconf 86' lang='lat' dir='ltr'>quum</span> <span class='ocrx_word' id='word_1_276' title='bbox 1693 2701 1783 2750; x_wconf 87' lang='lat' dir='ltr'>ea,</span> <span class='ocrx_word' id='word_1_277' title='bbox 1844 2680 2001 2739; x_wconf 89' lang='lat' dir='ltr'>sicut</span> <span class='ocrx_word' id='word_1_278' title='bbox 2046 2687 2217 2740; x_wconf 87' lang='lat' dir='ltr'>erant</span> 
     </span>
    </p>

    <p class='ocr_par' dir='ltr' id='par_1_3' title="bbox 133 2747 2217 3160">
     <span class='ocr_line' id='line_1_33' title="bbox 191 2747 2215 2840; baseline 0 -22"><span class='ocrx_word' id='word_1_279' title='bbox 191 2759 516 2827; x_wconf 68' lang='lat' dir='ltr'>&#39;mandat-a,</span> <span class='ocrx_word' id='word_1_280' title='bbox 563 2756 994 2836; x_wconf 82' lang='lat' dir='ltr'>exposuissent,</span> <span class='ocrx_word' id='word_1_281' title='bbox 1033 2760 1268 2818; x_wconf 87' lang='lat' dir='ltr'>senatui</span> <span class='ocrx_word' id='word_1_282' title='bbox 1310 2777 1423 2817; x_wconf 89' lang='lat' dir='ltr'>nec</span> <span class='ocrx_word' id='word_1_283' title='bbox 1451 2747 1678 2820; x_wconf 72' lang='lat' dir='ltr'>factum</span> <span class='ocrx_word' id='word_1_284' title='bbox 1706 2761 1984 2840; x_wconf 81' lang='lat' dir='ltr'>placebat·</span> <span class='ocrx_word' id='word_1_285' title='bbox 2004 2761 2215 2820; x_wconf 82' lang='lat' dir='ltr'>Fabio-</span> 
     </span>
     <span class='ocr_line' id='line_1_34' title="bbox 217 2837 2215 2920; baseline 0.001 -22"><span class='ocrx_word' id='word_1_286' title='bbox 217 2857 368 2908; x_wconf 88' lang='lat' dir='ltr'>rum,</span> <span class='ocrx_word' id='word_1_287' title='bbox 397 2845 458 2898; x_wconf 87' lang='lat' dir='ltr'>et</span> <span class='ocrx_word' id='word_1_288' title='bbox 501 2839 606 2920; x_wconf 84' lang='lat' dir='ltr'>jus</span> <span class='ocrx_word' id='word_1_289' title='bbox 633 2839 936 2916; x_wconf 85' lang='lat' dir='ltr'>postulare</span> <span class='ocrx_word' id='word_1_290' title='bbox 963 2837 1196 2898; x_wconf 86' lang='lat' dir='ltr'>barbari</span> <span class='ocrx_word' id='word_1_291' title='bbox 1226 2837 1581 2899; x_wconf 88' lang='lat' dir='ltr'>videbantur</span> <span class='ocrx_word' id='word_1_292' title='bbox 1610 2861 1627 2910; x_wconf 84' lang='lat'>3</span> <span class='ocrx_word' id='word_1_293' title='bbox 1670 2841 1796 2909; x_wconf 88' lang='lat' dir='ltr'>sed,</span> <span class='ocrx_word' id='word_1_294' title='bbox 1844 2859 1922 2899; x_wconf 88' lang='lat' dir='ltr'>ne</span> <span class='ocrx_word' id='word_1_295' title='bbox 1949 2839 2033 2908; x_wconf 91' lang='lat' dir='ltr'>id,</span> <span class='ocrx_word' id='word_1_296' title='bbox 2056 2841 2215 2919; x_wconf 89' lang='lat' dir='ltr'>quod</span> 
     </span>
     <span class='ocr_line' id='line_1_35' title="bbox 133 2917 2215 3002; baseline -0.001 -22"><span class='ocrx_word' id='word_1_297' title='bbox 133 2917 142 2927; x_wconf 82' lang='grc'><strong>’</strong></span> <span class='ocrx_word' id='word_1_298' title='bbox 213 2920 508 3002; x_wconf 85' lang='lat' dir='ltr'>placebat,</span> <span class='ocrx_word' id='word_1_299' title='bbox 546 2919 898 2978; x_wconf 85' lang='lat' dir='ltr'>decerneret</span> <span class='ocrx_word' id='word_1_300' title='bbox 941 2923 1004 2977; x_wconf 87' lang='lat' dir='ltr'>in</span> <span class='ocrx_word' id='word_1_301' title='bbox 1048 2925 1239 2978; x_wconf 84' lang='lat' dir='ltr'>tantae</span> <span class='ocrx_word' id='word_1_302' title='bbox 1289 2919 1614 2987; x_wconf 81' lang='lat' dir='ltr'>nobilitatis</span> <span class='ocrx_word' id='word_1_303' title='bbox 1643 2921 1803 2988; x_wconf 82' lang='lat' dir='ltr'>viris,</span> <span class='ocrx_word' id='word_1_304' title='bbox 1846 2920 2088 2980; x_wconf 82' lang='lat' dir='ltr'>ambitio</span> <span class='ocrx_word' id='word_1_305' title='bbox 2116 2923 2215 2980; x_wconf 88' lang='lat' dir='ltr'>ob-</span> 
     </span>
     <span class='ocr_line' id='line_1_36' title="bbox 219 2998 2217 3078; baseline -0.001 -16"><span class='ocrx_word' id='word_1_306' title='bbox 219 3003 430 3062; x_wconf 79' lang='lat' dir='ltr'>stabat.</span> <span class='ocrx_word' id='word_1_307' title='bbox 513 2999 751 3076; x_wconf 85' lang='lat' dir='ltr'>Itaque,</span> <span class='ocrx_word' id='word_1_308' title='bbox 778 3019 854 3056; x_wconf 86' lang='lat' dir='ltr'>ne</span> <span class='ocrx_word' id='word_1_309' title='bbox 877 3015 1062 3077; x_wconf 87' lang='lat' dir='ltr'>penes</span> <span class='ocrx_word' id='word_1_310' title='bbox 1093 3001 1250 3078; x_wconf 86' lang='lat' dir='ltr'>ipsos</span> <span class='ocrx_word' id='word_1_311' title='bbox 1278 2999 1457 3078; x_wconf 85' lang='lat' dir='ltr'>culpa</span> <span class='ocrx_word' id='word_1_312' title='bbox 1487 3007 1647 3059; x_wconf 87' lang='lat' dir='ltr'>esset</span> <span class='ocrx_word' id='word_1_313' title='bbox 1676 3000 1869 3059; x_wconf 85' lang='lat' dir='ltr'>cladis</span> <span class='ocrx_word' id='word_1_314' title='bbox 1893 2998 2048 3063; x_wconf 64' lang='lat' dir='ltr'>forte</span> <span class='ocrx_word' id='word_1_315' title='bbox 2070 2999 2217 3060; x_wconf 82' lang='lat' dir='ltr'>Gal·</span> 
     </span>
     <span class='ocr_line' id='line_1_37' title="bbox 217 3077 2215 3160; baseline -0.002 -19"><span class='ocrx_word' id='word_1_316' title='bbox 217 3081 337 3141; x_wconf 89' lang='lat' dir='ltr'>lico</span> <span class='ocrx_word' id='word_1_317' title='bbox 379 3079 536 3138; x_wconf 89' lang='lat' dir='ltr'>bello</span> <span class='ocrx_word' id='word_1_318' title='bbox 576 3083 858 3156; x_wconf 59' lang='lat' dir='ltr'>acceptas,</span> <span class='ocrx_word' id='word_1_319' title='bbox 887 3077 1283 3157; x_wconf 85' lang='lat' dir='ltr'>cognitionem</span> <span class='ocrx_word' id='word_1_320' title='bbox 1314 3079 1389 3144; x_wconf 90' lang='lat' dir='ltr'>de</span> <span class='ocrx_word' id='word_1_321' title='bbox 1418 3079 1735 3160; x_wconf 82' lang='lat' dir='ltr'>postulatis</span> <span class='ocrx_word' id='word_1_322' title='bbox 1779 3079 2088 3140; x_wconf 82' lang='lat' dir='ltr'>Gallorum</span> <span class='ocrx_word' id='word_1_323' title='bbox 2136 3080 2215 3140; x_wconf 92' lang='lat' dir='ltr'>ad</span> 
     </span>
    </p>
   </div>
   <div class='ocr_carea' id='block_1_3' title="bbox 217 3150 2286 3244">
    <p class='ocr_par' dir='ltr' id='par_1_4' title="bbox 217 3150 2286 3244">
     <span class='ocr_line' id='line_1_38' title="bbox 217 3150 2286 3244; baseline 0 -25"><span class='ocrx_word' id='word_1_324' title='bbox 217 3159 502 3244; x_wconf 76' lang='lat' dir='ltr'>populum</span> <span class='ocrx_word' id='word_1_325' title='bbox 530 3156 812 3236; x_wconf 84' lang='lat' dir='ltr'>rejiciunt</span> <span class='ocrx_word' id='word_1_326' title='bbox 841 3177 860 3227; x_wconf 81' lang='lat'><em>3</em></span> <span class='ocrx_word' id='word_1_327' title='bbox 901 3159 998 3216; x_wconf 89' lang='lat' dir='ltr'>ubi</span> <span class='ocrx_word' id='word_1_328' title='bbox 1024 3165 1190 3217; x_wconf 86' lang='lat' dir='ltr'>tanto</span> <span class='ocrx_word' id='word_1_329' title='bbox 1212 3159 1348 3238; x_wconf 82' lang='lat' dir='ltr'>plus</span> <span class='ocrx_word' id='word_1_330' title='bbox 1378 3161 1567 3238; x_wconf 83' lang='lat' dir='ltr'>gratia</span> <span class='ocrx_word' id='word_1_331' title='bbox 1594 3166 1774 3242; x_wconf 79' lang='lat' dir='ltr'>atque</span> <span class='ocrx_word' id='word_1_332' title='bbox 1790 3179 1933 3239; x_wconf 86' lang='lat' dir='ltr'>opes</span> <span class='ocrx_word' id='word_1_333' title='bbox 1953 3150 2219 3229; x_wconf 82' lang='lat' dir='ltr'>valuere,</span> <span class='ocrx_word' id='word_1_334' title='bbox 2282 3197 2286 3200; x_wconf 38' lang='lat'><strong>⁴</strong></span> 
     </span>
    </p>
   </div>
   <div class='ocr_carea' id='block_1_4' title="bbox 216 3237 2217 3714">
    <p class='ocr_par' dir='ltr' id='par_1_5' title="bbox 216 3237 2217 3714">
     <span class='ocr_line' id='line_1_39' title="bbox 216 3237 2216 3321; baseline -0.001 -20"><span class='ocrx_word' id='word_1_335' title='bbox 216 3245 304 3309; x_wconf 85' lang='lat' dir='ltr'>ut,</span> <span class='ocrx_word' id='word_1_336' title='bbox 323 3259 574 3317; x_wconf 85' lang='lat' dir='ltr'>quorum</span> <span class='ocrx_word' id='word_1_337' title='bbox 595 3239 671 3295; x_wconf 86' lang='lat' dir='ltr'>de</span> <span class='ocrx_word' id='word_1_338' title='bbox 703 3257 879 3316; x_wconf 68' lang='lat' dir='ltr'>prena</span> <span class='ocrx_word' id='word_1_339' title='bbox 907 3239 1207 3317; x_wconf 79' lang='lat' dir='ltr'>agebatur,</span> <span class='ocrx_word' id='word_1_340' title='bbox 1246 3239 1465 3298; x_wconf 85' lang='lat' dir='ltr'>tribuni</span> <span class='ocrx_word' id='word_1_341' title='bbox 1496 3237 1749 3298; x_wconf 85' lang='lat' dir='ltr'>militum</span> <span class='ocrx_word' id='word_1_342' title='bbox 1782 3239 2085 3298; x_wconf 77' lang='lat' dir='ltr'>consulari</span> <span class='ocrx_word' id='word_1_343' title='bbox 2110 3261 2216 3321; x_wconf 88' lang='lat' dir='ltr'>po-</span> 
     </span>
     <span class='ocr_line' id='line_1_40' title="bbox 216 3316 2215 3394; baseline -0.002 -12"><span class='ocrx_word' id='word_1_344' title='bbox 216 3326 436 3382; x_wconf 75' lang='lat' dir='ltr'>testate</span> <span class='ocrx_word' id='word_1_345' title='bbox 463 3319 526 3377; x_wconf 90' lang='lat' dir='ltr'>in</span> <span class='ocrx_word' id='word_1_346' title='bbox 547 3316 1215 3394; x_wconf 57' lang='lat' dir='ltr'>insequentemannum</span> <span class='ocrx_word' id='word_1_347' title='bbox 1246 3327 1608 3378; x_wconf 84' lang='lat' dir='ltr'>crearentur.</span> <span class='ocrx_word' id='word_1_348' title='bbox 1690 3319 1822 3392; x_wconf 77' lang='lat' dir='ltr'>Quo</span> <span class='ocrx_word' id='word_1_349' title='bbox 1849 3317 2029 3386; x_wconf 80' lang='lat' dir='ltr'>facto,</span> <span class='ocrx_word' id='word_1_350' title='bbox 2056 3318 2215 3378; x_wconf 85' lang='lat' dir='ltr'>haud</span> 
     </span>
     <span class='ocr_line' id='line_1_41' title="bbox 219 3396 2215 3478; baseline -0.001 -19"><span class='ocrx_word' id='word_1_351' title='bbox 219 3417 394 3459; x_wconf 87' lang='lat' dir='ltr'>secus</span> <span class='ocrx_word' id='word_1_352' title='bbox 421 3399 598 3476; x_wconf 53' lang='lat' dir='ltr'>quam</span> <span class='ocrx_word' id='word_1_353' title='bbox 623 3396 866 3476; x_wconf 78' lang='lat' dir='ltr'>dignum</span> <span class='ocrx_word' id='word_1_354' title='bbox 896 3403 1041 3465; x_wconf 88' lang='lat' dir='ltr'>erat,</span> <span class='ocrx_word' id='word_1_355' title='bbox 1083 3397 1303 3458; x_wconf 85' lang='lat' dir='ltr'>infensi</span> <span class='ocrx_word' id='word_1_356' title='bbox 1332 3397 1495 3457; x_wconf 83' lang='lat' dir='ltr'>Galli</span> <span class='ocrx_word' id='word_1_357' title='bbox 1523 3399 1744 3458; x_wconf 86' lang='lat' dir='ltr'>bellum</span> <span class='ocrx_word' id='word_1_358' title='bbox 1769 3398 2077 3478; x_wconf 87' lang='lat' dir='ltr'>propalam</span> <span class='ocrx_word' id='word_1_359' title='bbox 2104 3399 2215 3457; x_wconf 87' lang='lat' dir='ltr'>mi-</span> 
     </span>
     <span class='ocr_line' id='line_1_42' title="bbox 217 3477 2217 3544; baseline 0.002 -10"><span class='ocrx_word' id='word_1_360' title='bbox 217 3484 450 3543; x_wconf 69' lang='lat' dir='ltr'>nantes,</span> <span class='ocrx_word' id='word_1_361' title='bbox 507 3477 582 3536; x_wconf 84' lang='lat' dir='ltr'>ad</span> <span class='ocrx_word' id='word_1_362' title='bbox 619 3495 770 3536; x_wconf 79' lang='lat' dir='ltr'>,suos</span> <span class='ocrx_word' id='word_1_363' title='bbox 798 3477 1072 3535; x_wconf 85' lang='lat' dir='ltr'>redeunt.</span> <span class='ocrx_word' id='word_1_364' title='bbox 1155 3477 1410 3536; x_wconf 88' lang='lat' dir='ltr'>Tribuni</span> <span class='ocrx_word' id='word_1_365' title='bbox 1437 3478 1693 3536; x_wconf 78' lang='lat' dir='ltr'>militum</span> <span class='ocrx_word' id='word_1_366' title='bbox 1724 3499 1860 3544; x_wconf 83' lang='lat' dir='ltr'>cum</span> <span class='ocrx_word' id='word_1_367' title='bbox 1882 3478 2073 3536; x_wconf 85' lang='lat' dir='ltr'>tribus</span> <span class='ocrx_word' id='word_1_368' title='bbox 2102 3479 2217 3538; x_wconf 76' lang='lat' dir='ltr'>Fa-</span> 
     </span>
     <span class='ocr_line' id='line_1_43' title="bbox 216 3553 2202 3638; baseline 0.004 -30"><span class='ocrx_word' id='word_1_369' title='bbox 216 3553 330 3610; x_wconf 85' lang='lat' dir='ltr'>biis</span> <span class='ocrx_word' id='word_1_370' title='bbox 359 3556 544 3614; x_wconf 83' lang='lat' dir='ltr'>creati</span> <span class='ocrx_word' id='word_1_371' title='bbox 592 3555 663 3630; x_wconf 79' lang='lat' dir='ltr'>Q.</span> <span class='ocrx_word' id='word_1_372' title='bbox 694 3554 992 3634; x_wconf 60' lang='lat' dir='ltr'>Sulpicius</span> <span class='ocrx_word' id='word_1_373' title='bbox 1019 3557 1283 3638; x_wconf 82' lang='lat' dir='ltr'>LonguS,</span> <span class='ocrx_word' id='word_1_374' title='bbox 1329 3557 1401 3630; x_wconf 85' lang='lat' dir='ltr'>Q.</span> <span class='ocrx_word' id='word_1_375' title='bbox 1430 3557 1717 3618; x_wconf 84' lang='lat' dir='ltr'>Servilius</span> <span class='ocrx_word' id='word_1_376' title='bbox 1759 3559 2064 3636; x_wconf 74' lang='lat' dir='ltr'>quartum,</span> <span class='ocrx_word' id='word_1_377' title='bbox 2092 3559 2202 3620; x_wconf 80' lang='lat' dir='ltr'>Ser</span> 
     </span>
     <span class='ocr_line' id='line_1_44' title="bbox 219 3629 1021 3714; baseline 0.01 -29"><span class='ocrx_word' id='word_1_378' title='bbox 219 3629 534 3692; x_wconf 86' lang='lat' dir='ltr'>Cornelius</span> <span class='ocrx_word' id='word_1_379' title='bbox 561 3633 1021 3714; x_wconf 76' lang='lat' dir='ltr'>Maluginensis.</span> 
     </span>
    </p>
   </div>
   <div class='ocr_carea' id='block_1_5' title="bbox 1796 3699 1811 3722">
    <p class='ocr_par' dir='ltr' id='par_1_6' title="bbox 1796 3699 1811 3722">
     <span class='ocr_line' id='line_1_45' title="bbox 1796 3699 1811 3722; baseline 0 0"><span class='ocrx_word' id='word_1_380' title='bbox 1796 3699 1811 3722; x_wconf 53' lang='lat' dir='ltr'><strong>R</strong></span> 
     </span>
    </p>
   </div>
   <div class='ocr_carea' id='block_1_6' title="bbox 822 3809 848 3838">
    <p class='ocr_par' dir='ltr' id='par_1_7' title="bbox 822 3809 848 3838">
     <span class='ocr_line' id='line_1_46' title="bbox 822 3809 848 3838; baseline 0 0"><span class='ocrx_word' id='word_1_381' title='bbox 822 3809 848 3838; x_wconf 49' lang='lat' dir='ltr'>a!</span> 
     </span>
    </p>
   </div>
   <div class='ocr_carea' id='block_1_7' title="bbox 2362 440 2369 472">
    <p class='ocr_par' dir='ltr' id='par_1_8' title="bbox 2362 440 2369 472">
     <span class='ocr_line' id='line_1_47' title="bbox 2362 440 2369 472; baseline 0 0"><span class='ocrx_word' id='word_1_382' title='bbox 2362 440 2369 472; x_wconf 65' lang='lat' dir='ltr'>l,</span> 
     </span>
    </p>
   </div>
   <div class='ocr_carea' id='block_1_8' title="bbox 2365 5 2370 558">
    <p class='ocr_par' dir='ltr' id='par_1_9' title="bbox 2365 5 2370 558">
     <span class='ocr_line' id='line_1_48' title="bbox 2365 5 2370 558; baseline 0 0"><span class='ocrx_word' id='word_1_383' title='bbox 2365 5 2370 558; x_wconf 95' lang='lat' dir='ltr'> </span> 
     </span>
    </p>
   </div>
   <div class='ocr_carea' id='block_1_9' title="bbox 2366 1961 2370 3494">
    <p class='ocr_par' dir='ltr' id='par_1_10' title="bbox 2366 1961 2370 3494">
     <span class='ocr_line' id='line_1_49' title="bbox 2366 1961 2370 3494; baseline 0 0"><span class='ocrx_word' id='word_1_384' title='bbox 2366 1961 2370 3494; x_wconf 95' lang='lat' dir='ltr'> </span> 
     </span>
    </p>
   </div>
  </div>
 </body>
</html>
