2400 4109
1069 199 1072 202 -
1117 158 1379 256 LIBER
1404 146 1481 220 V.
2038 180 2047 182 -
2114 169 2229 224 251

2084 234 2115 244 ψ
2140 229 2152 237 a

233 317 554 401 BiturigeS,
577 320 903 390 Arvernos,
931 319 1219 394 Senones,
1247 319 1505 388 AEduos‚
1554 320 1895 391 Ambarros,
1918 321 2239 392 CarnuteS,

233 402 552 468 Aulercos,
600 399 837 460 excivit.
911 398 1231 460 Profectus
1278 399 1615 480 ingentibus
1643 399 1911 481 peditum
1939 402 2237 480 equitum-

133 495 142 504 ·
229 503 350 561 que
405 479 624 561 'copiis‚
685 479 746 538 in
804 479 1176 538 Tricastinos
1218 477 1401 538 venit.
1508 479 1697 559 Alpes
1740 481 1882 541 inde
1944 482 2232 562 oppositae

234 567 446 631 erant3
488 578 638 639 quas
661 558 1166 639 inexsuperabiles
1188 557 1347 618 visas
1371 559 1531 618 haud
1554 559 1832 638 equidem
1852 559 2045 630 miror,
2066 562 2238 622 nulla

235 641 500 701 dum-via
525 639 709 778 Ῥιωᾶ
733 639 974 717 quidem
1000 638 1311 698 continens
1360 639 1641 699 memoria
1664 639 1760 708 sit,
1802 640 1920 700 nisi
1958 642 2035 700 de
2076 641 2249 700 Her-.

232 722 366 781 cule
395 719 529 780 fabii
561 719 613 778 is
649 719 910 779 credere·
935 718 1106 798 libet)
1157 723 1481 797 superatas.
1563 719 1655 778 Ibi
1678 739 1859 798 quum
1891 712 2055 780 velu‘t
2096 740 2232 801 sep·-

235 807 336 862 tos‘
372 801 661 859 montium
690 797 944 858 altitudo
991 804 1231 857 teneret
1270 797 1494 867 Gallos,
1549 798 2240 880 circumspectarentque

233 887 500 960 quanam
524 899 634 959 per
645 882 860 958 juncta
889 878 1044 956 coelo
1059 878 1208 957 juga
1228 877 1289 936 in
1320 875 1501 935 alium
1528 881 1727 938 orbem
1749 885 2043 938 terrarum
2068 885 2237 940 tran-

230 961 442 1028 sirent,
485 957 688 1038 religio
718 958 898 1016 etiam
926 956 1140 1025 tenuit,
1169 956 1332 1034 quod
1356 956 1619 1017 allatum
1643 963 1755 1026 est,
1776 959 2036 1020 advenas
2065 979 2238 1036 quae-

235 1045 440 1099 rentes
489 1057 692 1118 agrum
737 1039 809 1097 ab
854 1037 1101 1116 Salyum
1157 1041 1338 1116 gente
1380 1036 1722 1116 oppugnari.
1822 1037 2237 1098 Massilienses
2312 1115 2327 1118 -

237 1123 412 1178 erant
437 1117 514 1186 hi,
537 1117 783 1179 navibus
813 1117 849 1175 ἐι
871 1116 1127 1176 Phocaea
1164 1115 1436 1195 profecti.
1517 1116 1590 1174 Id
1616 1116 1777 1175 Galli
1820 1117 2079 1178 fortunae
2108 1137 2235 1178 suae

238 1219 414 1258 omen
463 1203 576 1256 rati
605 1197 904 1277 adjuvere,
947 1201 1035 1264 ut,
1074 1215 1251 1274 quem
1279 1193 1533 1275 primum
1560 1195 1623 1253 in
1645 1202 1863 1256 terram
1888 1197 2109 1278 egressi
2136 1218 2237 1258 oc-

238 1282 620 1360 cupaverant,
667 1277 866 1354 locum
907 1275 1249 1355 patentibus
1279 1274 1444 1334 silvis
1473 1275 1906 1335 communirent
1934 1297 1951 1346 3
1992 1277 2105 1356 ipsi
2133 1297 2242 1356 per

236 1356 535 1418 Taurinos
584 1357 890 1434 saltusque
932 1355 1122 1414 invios
1166 1353 1356 1435 Alpes
1384 1355 1928 1414 transcenderuntz
1970 1357 2237 1436 fusisque

236 1438 365 1504 acie
394 1436 615 1496 Tuscis
631 1436 791 1494 haud
810 1434 1013 1514 procul
1036 1434 1256 1494 Ticino
1282 1435 1548 1503 flumine,
1591 1453 1797 1512 quum,
1844 1435 1905 1494 in
1954 1435 2073 1514 quo
2094 1455 2237 1496 con-

237 1518 537 1590 sederant,
575 1536 780 1596 agrum
810 1513 1149 1574 Insubrium
1176 1513 1465 1594 appellari
1515 1514 1841 1583 audissent,
1892 1516 2236 1594 cognomine

237 1595 588 1657 Insubribus
637 1615 786 1676 pago
829 1594 1164 1654 AEduorum
1198 1616 1213 1651 :-
1254 1593 1353 1661 ibi,
1381 1613 1553 1653 omen
1584 1600 1905 1672 sequentes
1930 1594 2064 1664 loci,
2092 1615 2235 1654 con-

225 1677 444 1755 didere
467 1678 670 1735 urbem
701 1695 736 1732 2.
753 1671 1174 1734 'Mediolanum
1197 1673 1601 1752 appellarunt.
2026 1690 2031 1694 ·

317 1755 568 1814 XXXV.
635 1753 777 1814 Alia
834 1752 1083 1813 subinde
1143 1773 1356 1812 manus
1422 1753 1917 1824 Cenomanorum,
1977 1754 2237 1814 Elitovio

131 1876 140 1880 -
236 1835 394 1896 duce
415 1833 665 1914 vestigia
691 1832 951 1913 priorum
974 1838 1197 1901 secuta,
1249 1831 1456 1892 eodem
1480 1832 1655 1901 saltu,
1693 1832 1931 1894 favente
1960 1835 2239 1894 Bellove-

235 1935 331 1984 so,
349 1934 534 1994 quum
580 1913 1051 1972 transcendisset
1079 1911 1158 1971 Al
1203 1931 1287 1981 eS,
1336 1911 1639 1972 ubi'nunc
1663 1913 1867 1973 Brixia
1906 1935 1977 1973 ac
2002 1917 2238 1974 Verona

235 1997 414 2054 urbes
443 1999 602 2061 sunt,
649 1992 832 2072 (locos
871 1999 1117 2052 tenuere
1158 1932 1357 2072 ilioni)
1406 1991 1769 2062 considunt3
1811 1999 1943 2072 post
1970 1994 2074 2052 hos
2106 1995 2239 2052 Sal·
2272 2025 2277 2028 ·

239 2075 410 2143 luvii,
457 2093 640 2162 prope
681 2072 988 2150 antiquam
1029 2067 1269 2152 gentem
1310 2071 1531 2129 Laevos
1586 2071 1857 2151 Ligures,
1905 2072 2238 2134 incolentes

239 2154 402 2218 circa
451 2151 734 2210 Ticinum
761 2171 1013 2211 amnem.
1097 2150 1323 2210 Penino
1372 2149 1591 2210 deinde
1640 2149 1773 2208 Boii
1816 2151 2237 2232 Lingonesque

238 2229 618 2314 transgressi,
655 2251 835 2309 quum
876 2233 1002 2310 jam
1031 2229 1192 2290 inter
1217 2230 1447 2289 Padum
1476 2228 1852 2309 atqueAlpes-
1879 2231 2075 2290 omnia
2102 2239 2238 2292 ten-

237 2321 501 2380 erentur,
555 2311 720 2370 Pado
781 2315 1006 2370 ratibus
1059 2310 1329 2389 trajecto,
1384 2329 1502 2368 non
1554 2311 1842 2369 Etruscos
1868 2311 2062 2381 modo,
2130 2312 2239 2371 sed

238 2391 425 2452 etiam
443 2392 721 2458 Umbros,
747 2410 886 2494 agro
929 2389 1200 2469 pellunt:
1242 2389 1401 2448 intra
1430 2388 1813 2468 Apenninum
1859 2395 2057 2450 tamen
2106 2411 2238 2451 sese

235 2479 516 2532 tenuere.
596 2469 757 2528 Tum
781 2475 1066 2538 benoneS,
1087 2467 1487 2528 recentissimi
1509 2469 1889 2538 advenarum,
1916 2472 1992 2530 ab
2013 2471 2241 2530 Utente

237 2549 490 2610 flumine
532 2568 722 2627 usque
749 2549 826 2606 ad
854 2547 1050 2610 AEsim
1079 2548 1230 2608 fines
1273 2547 1547 2607 habuere.
1598 2577 1602 2582 ⁷
1628 2549 1803 2607 Hanc
1826 2555 2063 2629 gentem
2090 2550 2240 2610 Clu·

213 2623 417 2700 ‘sium,
446 2631 821 2706 Romamque
846 2627 1005 2697 inde,
1033 2627 1585 2719 venisse-comperio
1616 2647 1633 2697 3
1673 2628 1737 2687 id
1756 2649 1970 2707 parum
2011 2627 2239 2690 certum

233 2717 355 2779 est,
383 2709 668 2778 solamne,
695 2728 771 2768 an
799 2709 874 2769 ab
901 2707 1172 2767 omnibus
1224 2707 1661 2788 Cisalpinorum
1683 2709 2003 2770 'Gallorum
2054 2730 2240 2792 popu-

237 2789 318 2849 lis
339 2790 622 2870 adjutam.
704 2787 959 2868 Clusini,
1007 2805 1162 2846 novo
1181 2786 1339 2846 bello
1361 2786 1648 2856 exterriti,
1696 2809 1879 2866 quum
1906 2791 2242 2851 multitudi-

241 2877 399 2937 n'em,
441 2889 624 2948 quum
647 2868 866 2927 formas
891 2865 1195 2926 hominum
1238 2865 1577 2926 invisitatas
1604 2875 1919 2929 cernerent
1946 2877 2009 2928 et
2050 2889 2240 2950 genus
2274 2929 2283 2938 ,

239 2969 558 3016 armorum,
586 2947 1002 3023 audirentque,
1057 2963 1223 3024 saepe
1264 2947 1337 3004 ab
1385 2944 1479 3015 iis,
1527 2946 1613 3004 cis
1656 2947 1885 3007 Padum
1940 2949 2240 3026 ultraque,

236 3028 504 3110 legiones
549 3029 941 3086 Etruscorum
995 3023 1181 3093 fusaS,
1232 3043 1573 3104 quanquam
1612 3024 1902 3086 adversus
1938 3029 2239 3088 Romanos

236 3109 474 3170 nullum
501 3107 587 3166 eis
615 3108 720 3186 jus
748 3104 1048 3166 societatis
1075 3103 1437 3166 amicitiaeve
1460 3111 1589 3164 erat
1629 3106 1745 3164 nisi
1765 3106 1926 3184 quod
1953 3108 2239 3185 Vejentes

240 3185 714 3267 consanguineos
742 3185 1030 3245 adversus
1075 3183 1357 3264 populum
1388 3185 1721 3244 Romanum
1770 3205 1890 3245 non
1934 3186 2241 3247 defendis·

239 3275 397 3338 sent,
421 3268 651 3347 legatos
672 3267 944 3333 Romam,
967 3263 1070 3342 qui
1099 3261 1387 3322 auxilium
1414 3266 1487 3323 ab
1516 3269 1727 3331 senatu
1747 3271 2039 3345 peterent,
2059 3267 2239 3328 mise-

240 3368 328 3407 re.
409 3347 503 3408 De
531 3345 748 3408 auxilio
777 3343 924 3403 nihil
950 3343 1332 3422 impetratum
1356 3362 1373 3412 ς
1414 3342 1600 3424 legati
1627 3351 1749 3412 tres
1782 3346 1873 3404 M.
1900 3347 2067 3406 Fabii
2089 3349 2240 3406 Am-

237 3425 402 3488 busti
429 3425 542 3486 filii
561 3425 746 3492 missi,
797 3421 902 3502 qui
930 3428 1176 3490 senatus
1197 3421 1523 3501 populique
1545 3423 1797 3483 Romani
1838 3425 2077 3486 nomine
2102 3447 2246 3510 age·-

241 3513 382 3567 rent
427 3526 563 3566 cum
607 3503 822 3571 Gallis,
852 3521 926 3561 ne
951 3503 986 3560 εἴ
1012 3501 1229 3581 quibus
1280 3501 1505 3560 nullam
1532 3503 1810 3582 injuriam
1851 3505 2242 3586 accepissent,

243 3587 436 3647 socios
505 3584 668 3665 opuli
706 3581 964 3642 Romani
989 3587 1171 3660 atque
1198 3579 1420 3641 amicos
1448 3590 1885 3662 oppugnarent.‘
1954 3586 2241 3646 Romanis

243 3687 346 3727 eos
371 3665 468 3727 bel
495 3687 529 3723 ο
557 3681 814 3743 quoque,
843 3661 895 3721 si
922 3682 1016 3722 res
1042 3666 1235 3740 cogat,
1263 3659 1518 3720 tuendos
1540 3679 1670 3720 esse
1700 3663 1866 3730 ;·sed
1894 3665 2107 3730 melius
2150 3663 2237 3720 vi-

243 3763 393 3816 sum,
417 3745 644 3806 bellum
690 3750 884 3822 ipsum
937 3739 1221 3812 amoveri,
1268 3738 1320 3797 si
1358 3745 1597 3816 posset3
1640 3745 1703 3802 et
1750 3741 1979 3811 Gallos,
2023 3757 2237 3801 novam

235 3831 498 3908 gentem,
518 3842 667 3905 pace
687 3821 886 3905 potius
911 3817 1214 3902 cognosci,
1242 3817 1423 3896 quam
1450 3819 1647 3880 armis.
2158 3853 2165 3859 ·
