2400 4109
619 159 650 172 n

205 197 326 255 256
1045 193 1126 252 T.
1153 189 1367 252 LIVII

203 357 269 414 ta
287 352 352 413 in
379 349 614 414 doliolis
641 350 862 412 sacello
883 349 1146 432 proximo
1171 349 1403 411 oedibns
1440 349 1698 412 flaminis
1724 350 2074 426 Quirinalis,
2098 353 2211 414 ubi

203 451 365 494 nunc
417 431 630 512 despui
671 429 878 512 religio
931 435 1043 498 est,
1089 429 1415 500 defodere3
1456 436 1657 492 cetera
1698 431 1859 492 inter
1911 451 1977 492 se
2022 452 2212 494 onere

283 511 423 572 rtito
475 512 680 571 ferunt
725 511 846 578 vis,
871 529 1008 589 quae
1048 508 1305 567 'sublicio
1330 516 1512 589 ponte
1539 510 1717 571 ducit
1736 511 1813 571 ad
1840 511 2209 574 Janiculum.

203 532 282 652 fn*
323 612 394 651 eo
421 591 578 651 clivo
627 609 730 651 eas
749 609 933 668 quum
961 587 1034 647 L.
1056 587 1360 656 Albinius,
1386 588 1463 648 de
1512 588 1683 668 plebe
1713 591 1981 652 Romana
2007 591 2211 662 bomo,

203 670 630 752 conspexisset,
659 669 926 750 plaustro
967 669 1283 804 con{ugem
1310 687 1381 727 ac
1422 667 1638 728 liberos
1660 669 1885 728 vehens
1909 669 2069 730 inter
2094 689 2207 730 ce·-

201 755 395 812 teram
445 753 697 817 turbam,
751 767 885 825 quae
927 745 1080 806 inuti
1105 745 1158 805 is
1201 747 1357 806 bello
1398 750 1541 806 urbe
1596 747 1971 819 excedebat3
2032 749 2208 810 salvo

203 830 382 892 etiam
407 836 535 890 tum
572 824 913 888 discrimine
939 825 1275 886 divinarum
1302 825 1807 906 humanarumque
1854 843 2073 898 rerum,
2111 828 2205 888 ir-

203 908 542 990 religiosum
597 914 782 975 ratus,
829 905 1176 966 sacerdotes
1217 903 1485 984 publicos
1512 925 1803 984 sacraque
1848 908 2055 988 populi
2079 909 2212 969 Ros

203 991 366 1049 mani
389 987 638 1068 pedihus
655 987 766 1054 ire,
792 983 1058 1064 ferrique
1085 1004 1106 1054 3
1145 1003 1213 1044 se
1234 1004 1304 1043 ac
1332 1003 1469 1044 suos
1496 985 1560 1042 in
1582 985 1855 1046 vehiculo
1888 987 2156 1068 conspici
2187 1009 2207 1060 ς

201 1067 566 1128 descendere
592 1085 838 1125 uxorem
885 1083 955 1124 ac
997 1083 1211 1143 pueros
1250 1063 1450 1143 jussit,
1496 1063 1757 1146 virgines
1804 1085 2092 1145 sacraque
2131 1067 2203 1128 in

201 1147 538 1228 plaustrum
561 1143 846 1226 imposuit
871 1163 892 1214 3
931 1149 995 1202 et
1041 1142 1243 1212 Caere,
1296 1163 1415 1222 quo
1461 1141 1579 1203 iter
1604 1144 2011 1211 sacerdotibus
2052 1152 2205 1218 erat,

241 1227 488 1287 ervexit.

197 1247 240 1308 p
279 1307 447 1366 XLI.
487 1307 696 1366 Romae
722 1304 982 1373 interim,
1029 1303 1174 1364 satis
1210 1305 1339 1382 jam
1368 1303 1661 1374 omnibus,
1682 1311 1755 1365 ut
1776 1304 1842 1364 in
1872 1305 1981 1368 tali
2005 1325 2093 1376 re,
2116 1304 2201 1366 ad

199 1385 487 1446 tuendam
529 1403 726 1445 arcem
757 1382 1114 1464 compositiS,
1158 1385 1333 1444 turba
1368 1383 1687 1453 seniorum,
1734 1385 1941 1444 domes
1968 1403 2205 1467 regres-

201 1483 286 1535 sa,
333 1464 658 1524 adventum
704 1462 962 1522 hostium
987 1459 1285 1522 obstinato
1324 1462 1401 1522 ad
1430 1468 1679 1524 mortem
1704 1462 1901 1524 animo
1948 1480 2201 1544 exspec-

197 1545 366 1605 tabat
393 1565 410 1614 3
453 1542 558 1622 qui
603 1561 806 1602 eorum
833 1543 1072 1601 curules
1097 1547 1409 1621 gesserant
1448 1542 1847 1623 magistratuS,
1871 1548 1943 1602 ut
1988 1543 2050 1602 in
2078 1542 2202 1602 for·-

135 1647 140 1652 ·
195 1629 366 1684 tunae
411 1621 680 1703 pristinoe
723 1621 1130 1698 honorumque
1177 1625 1282 1680 aut
1345 1620 1583 1680 virtutis
1623 1621 1954 1702 insignibus
2002 1638 2199 1682 more-

198 1708 423 1769 rentur,
441 1721 580 1779 quae
603 1699 1022 1780 augustissima
1049 1699 1235 1759 vestis
1262 1705 1355 1759 est
1378 1705 1581 1760 tensas
1604 1699 1961 1760 ducentibus
1988 1701 2203 1760 trium-

240 1782 613 1853 bantibusve,
651 1785 724 1838 ea
751 1778 954 1838 vestiti
980 1777 1174 1838 medio
1199 1778 1424 1840 aedium
1476 1779 1751 1839 eburneis
1778 1779 1942 1838 sellis
1968 1779 2200 1844 sedere,

247 1864 373 1927 unt,
389 1857 517 1938 qui,
543 1857 635 1916 Μ.
661 1857 842 1917 Fabio
868 1857 1152 1936 pontifice
1179 1857 1434 1917 maximo
1459 1857 1753 1938 praefante
1792 1877 2052 1926 carmen,
2092 1859 2203 1918 de·

196 1939 434 1998 vovisse
481 1955 583 1996 eos
609 1955 676 1995 se
702 1955 808 2014 pro
852 1935 1045 2014 patria
1085 1933 1535 2012 Quiritibusque
1578 1937 1883 2006 RomaniS,
1935 1935 2200 1998 tradant.

200 2017 387 2087 Galli,
439 2022 502 2076 et
525 2015 668 2096 quie
693 2013 1044 2094 interposita
1071 2018 1251 2074 nocte
1300 2017 1336 2074 εὶ
1362 2015 1743 2075 contentione
1770 2009 1984 2096 pugnae
2014 2015 2199 2075 remi-

199 2101 401 2158 nerant
435 2095 684 2163 animos,
711 2100 774 2154 et
797 2093 962 2172 quod
988 2113 1101 2155 nec
1127 2093 1190 2152 in
1217 2093 1346 2154 acie
1374 2094 1619 2174 ancipiti
1646 2113 1901 2173 usquam
1928 2098 2199 2154 certave-

197 2182 336 2237 rant
363 2173 592 2256 proeli0‚
646 2193 757 2236 nec
803 2179 932 2232 tum
959 2171 1185 2252 impetu
1234 2181 1341 2234 sut
1366 2173 1427 2231 vi
1452 2174 1765 2254 capiebant
1790 2176 2013 2243 urbem,
2066 2172 2201 2234 sine

197 2254 308 2324 irs,
361 2255 490 2314 sine
537 2253 748 2314 ardore
787 2252 1114 2312 animorum
1165 2251 1419 2332 ingressi
1458 2259 1691 2331 postero
1716 2252 1817 2312 die
1843 2256 2049 2313 urbem
2089 2273 2199 2332 pa-

197 2339 368 2394 tente
415 2333 658 2393 Collina
699 2335 889 2412 porta,
936 2331 998 2390 ’m
1045 2330 1239 2391 forum
1285 2330 1660 2412 perveniunt,
1708 2331 2199 2392 circumferentes

199 2414 404 2474 oculos
447 2412 524 2472 ad
553 2412 776 2491 temple
804 2411 1000 2471 Deum
1027 2429 1363 2488 arcemque,
1410 2411 1597 2471 solam
1650 2410 1790 2470 belli
1819 2409 2077 2492 speciem
2104 2415 2200 2471 te·

198 2496 462 2554 nentem.
541 2489 716 2558 Inde,
759 2488 992 2548 modico
1017 2489 1231 2550 relicto
1262 2489 1553 2571 proesidio,
1610 2489 1709 2570 (ne
1736 2490 1873 2566 quis
1912 2490 1977 2550 in
2012 2488 2194 2550 dissi-

276 2580 370 2630 tos
397 2590 472 2630 ex
499 2589 637 2630 arce
664 2574 770 2630 eut
818 2567 1112 2648 Capitolio
1138 2569 1395 2648 impetus
1422 2569 1615 2650 fieret)
1666 2567 1885 2648 dilapsi
1928 2569 2001 2628 ad
2044 2589 2199 2649 proe-

241 2669 338 2709 am
363 2649 570 2708 vacuis
595 2666 848 2707 occursu
875 2647 1176 2706 hominum
1206 2647 1338 2715 viis,
1385 2667 1524 2727 pars
1550 2649 1611 2706 in
1640 2649 1904 2722 proxima
1932 2667 2195 2741 quaeque

197 2731 495 2788 tectorum
602 2725 756 2784 mine
783 2732 1012 2792 ruunt3
1053 2743 1190 2802 pars
1218 2724 1448 2794 ultima,
1498 2728 1667 2786 velut
1708 2747 1781 2787 ea
1821 2727 2061 2786 demum
2101 2747 2199 2786 m-

197 2811 364 2866 tacta
389 2813 452 2864 et
478 2745 696 2864 tetigerta
723 2803 948 2884 praeda,
1067 2809 1209 2862 tunt
1231 2823 1248 2873 3
1289 2803 1431 2864 inde
1484 2825 1689 2865 rursus
1714 2807 1845 2885 ipsa
1872 2805 2197 2886 solitudine

144 2938 148 2942 .
199 2883 515 2954 absterriti,
557 2904 636 2944 ne
656 2903 776 2963 qua
801 2882 964 2942 fraus
1047 2881 1239 2942 ostilis
1265 2903 1445 2965 vagos
1466 2884 1787 2965 exciperet,
1813 2885 1877 2944 in
1902 2884 2093 2946 forum
2122 2905 2195 2946 ac

193 2965 532 3046 propinqua
577 2963 722 3024 foro.
752 2963 887 3022 loca
933 2963 1269 3042 conglobati
1321 2963 1639 3033 redibant3
1678 2964 1778 3025 ubi
1834 2983 1954 3034 eos,
2008 2964 2199 3044 plebis

204 3045 478 3105 aedificiis
517 3042 823 3112 obseratis,
865 3043 1202 3121 patentibus
1243 3042 1411 3102 atriis
1476 3043 1790 3122 rincipum,
1832 3046 2023 3104 ma'or
2061 3063 2201 3123 pro·

199 3125 278 3262 Re
304 3123 606 3184 cunctatio
631 3124 870 3183 tenebat
896 3127 1118 3200 aperta,
1169 3123 1354 3200 quaim
1396 3143 1428 3180 c
1456 3141 1603 3182 ausa
1640 3123 1900 3182 invaden
1944 3123 2007 3194 i;
2046 3123 2199 3184 adeo

241 3203 359 3264 sud
387 3221 559 3263 secus
585 3203 766 3280 quam
799 3200 1190 3284 venerabundi
1220 3201 1603 3262 intuebantur
1640 3201 1703 3260 in
1746 3202 1970 3261 sedium
2010 3202 2198 3262 vesti·
2288 3211 2292 3215 ⁴

199 3283 358 3344 bulis
403 3284 682 3342 sedentes
721 3279 900 3349 vii-08,
946 3285 1169 3360 praeter
1214 3289 1487 3341 ornatum
1535 3280 1913 3373 habitumque
1938 3282 2197 3344 humano

202 3361 616 3440 augustiorem,
643 3361 955 3441 majestate
981 3358 1181 3428 etiam,
1234 3379 1411 3438 quam
1440 3361 1641 3420 vultus
1666 3369 2048 3440 gravitasque
2076 3361 2195 3421 oris

201 3456 326 3514 prae
385 3459 449 3497 se
502 3440 746 3506 ferebat,
799 3437 1130 3497 simillimos
1180 3439 1329 3499 Diis.
1412 3440 1513 3498 Ad
1555 3459 1655 3498 eos
1680 3439 1848 3498 velut
1876 3440 2195 3502 simulacra

201 3515 358 3572 versi
383 3536 570 3593 quum
612 3524 856 3584 starent,
905 3517 994 3576 M.
1021 3517 1297 3596 Papirius
1324 3515 1479 3576 unus
1524 3538 1599 3578 ex
1626 3517 1717 3576 his
1742 3517 1966 3578 dicitur
1994 3519 2191 3588 Gallo,

200 3590 438 3676 barbam
467 3615 652 3663 suam,
677 3605 749 3656 ut
775 3601 902 3654 tum
941 3593 1209 3654 omnibus
1250 3596 1537 3674 promissa
1578 3603 1723 3664 erat,
1779 3598 2191 3676 permulcenti,

200 3680 466 3751 scipione·
489 3673 747 3732 eburneo
797 3674 860 3732 in
909 3679 1087 3752 caput
1111 3674 1350 3733 incusso
1376 3673 1525 3734 iram
1554 3676 1807 3734 movisse
1836 3695 1855 3744 3
1896 3682 2079 3754 atque
2118 3680 2191 3737 ab

201 3755 270 3795 eo
295 3740 528 3804 mitium
555 3749 746 3810 caedis
771 3757 986 3826 ortum,
1033 3758 1263 3816 ceteros
1310 3753 1375 3817 in
1416 3753 1657 3818 sedibus
1684 3753 1809 3818 suis
1836 3754 2185 3818 trucidatos.

240 4057 358 4072 *pan-0,
387 4072 410 4078 ..‚

239 4081 626 4094 —*—-
