2400 4109
1013 128 1277 190 LIBER.
1305 128 1390 189 ΙΙ.
2132 128 2207 193 83

207 289 482 370 erigeret.
563 287 639 346 Id
691 285 850 348 male
891 288 1270 349 commissum
1313 287 1549 370 ignavia
1591 287 1847 350 hostium
1888 289 1952 350 in
1990 291 2212 352 bonum

204 370 429 430 vertit:
471 367 594 448 qui,
621 369 971 448 priusquam
1011 370 1088 428 ad
1131 372 1467 450 conjectum
1509 369 1617 428 teli
1658 369 1981 439 veniretur,
2009 373 2211 432 obstu-

201 448 431 530 pefacti
459 448 714 508 audaci&
755 450 1175 519 Romanorum,
1201 449 1429 510 relictis
1458 449 1688 519 castriS,
1715 469 1850 528 quae
1882 451 2213 512 munitissi-

201 529 321 589 mis
360 534 680 588 tenuerant
705 528 872 598 locis,
914 529 976 588 in
1005 530 1285 592 adversas
1315 531 1501 590 valles
1529 530 1858 589 desiluere:
1923 531 2020 590 ubi
2044 532 2213 592 'satis

200 609 427 689 praedae
455 617 519 669 et
546 607 794 668 victoria
819 609 1137 688 incruenta
1171 609 1305 670 fuit.
1387 610 1481 670 Ita
1506 610 1797 670 trifariam
1837 631 1902 670 re
1929 613 2083 672 bello
2108 615 2219 673 be·

201 695 281 748 ne
307 695 499 770 gesta,
553 689 629 748 de
656 689 1115 753 domesticarum
1158 677 1355 750 Herum
1384 701 1599 751 eventu
1628 711 1739 752 nec
1785 690 2058 750 Patribus
2098 713 2213 752 nec

202 771 366 850 plebi
396 789 542 828 cura
567 770 910 829 decesserat
927 791 946 840 3
987 777 1156 830 tant&
1185 790 1373 850 quum
1400 769 1612 851 gratia,
1653 779 1777 830 tum
1808 779 1937 831 arte
1980 793 2213 853 praepa-

203 856 486 909 raverant
528 850 934 919 faeneratoreS,
997 871 1134 930 quae
1181 871 1299 911 non
1345 851 1520 910 modo
1561 853 1815 932 plebem,
1871 852 1978 912 sed
2019 853 2216 933 ipsum

205 927 386 990 etiam
428 929 780 990 dictatorem
822 931 1269 994 frustrarentur,
1392 932 1673 1010 Namque
1713 931 2011 1002 ValeriuS,
2078 938 2215 1014 post

204 1010 444 1068 Vetusii
489 1011 756 1070 consulis
792 1011 1070 1080 reditum,
1112 1011 1375 1072 omnium
1416 1011 1719 1071 actionum
1758 1012 1821 1070 in
1850 1021 2058 1072 senatu
2131 1013 2213 1072 ri-

202 1109 366 1148 mam
394 1089 596 1150 habuit
623 1111 728 1170 pro
779 1091 1002 1150 victore
1031 1094 1271 1172 populo,
1300 1091 1646 1170 retulitque,
1686 1092 1830 1171 quid
1873 1093 2041 1152 nexis
2127 1093 2214 1153 eri

203 1171 474 1260 placeret
495 1191 512 1240 ;
554 1191 690 1250 quae
733 1192 919 1250 quum
962 1175 1184 1252 rejecta
1225 1171 1435 1232 relatio
1478 1180 1655 1240 esset,
1697 1183 1731 1208 ‘⁸
1758 1173 1893 1232 Non
1936 1175 2213 1263 placeo,”

205 1248 426 1329 inquit,
467 1262 501 1286 “
527 1252 860 1311 concordiae
905 1259 1151 1321 auctor;
1195 1252 1505 1334 optabitis,
1532 1273 1631 1312 me
1659 1251 1811 1312 Dius
1852 1253 2048 1322 fidius,
2076 1275 2213 1334 pro-

205 1330 466 1409 pediem,
525 1337 596 1390 ut
656 1332 770 1391 mei
824 1332 1044 1392 similes
1111 1334 1377 1408 Romana
1420 1331 1621 1412 plebes
1664 1339 1941 1412 patronos
1982 1334 2214 1394 habeat.

207 1411 386 1484 Quod
428 1411 505 1470 ad
535 1432 628 1470 me
657 1412 888 1482 attinet,
934 1433 1124 1492 neque
1153 1414 1477 1494 frustrabor
1519 1414 1679 1472 ultra
1708 1413 1869 1472 cives
1900 1435 2077 1481 meOS,
2108 1435 2213 1473 ne-

207 1511 329 1569 que
373 1488 500 1572 ipse
526 1491 750 1552 frustra
779 1493 1034 1552 dictator
1061 1513 1178 1553 ero.
1261 1492 1591 1553 Discordiae
1623 1491 1951 1562 intestinae,
1992 1493 2215 1552 bellum

208 1578 526 1631 externum
557 1571 768 1641 fecere,
797 1580 862 1632 ut
889 1573 998 1632 hoc
1027 1574 1377 1654 magistratu
1404 1580 1606 1653 egeret
1633 1573 1985 1663 respublica.
2086 1573 2215 1633 Pax

203 1651 353 1710 foris
384 1660 552 1730 parta
579 1659 688 1724 est,
717 1652 878 1711 domi
903 1651 1254 1732 impeditum
1321 1653 1590 1733 privatus
1632 1653 1848 1732 ponus,
1876 1654 2053 1731 quim
2085 1653 2214 1712 dic-

207 1738 388 1800 tator,
430 1731 710 1791 seditioni
735 1724 994 1792 interero
1024 1735 1088 1804 3⁹⁹
1171 1733 1273 1802 ita,
1303 1733 1469 1792 curia
1499 1752 1792 1813 egressuS,
1819 1733 2119 1792 dictatur'.
2150 1753 2215 1794 se

205 1811 530 1872 abdicavit.
639 1812 936 1892 Apparuit
962 1828 1151 1873 causa·
1169 1813 1345 1894 plebi,
1389 1833 1557 1873 suam
1586 1813 1775 1873 vicem
1803 1812 2216 1895 indignantem

204 1893 556 1973 magistratu
587 1891 780 1952 abisse
805 1913 820 1962 3
859 1893 1082 1972 itaque,
1110 1894 1278 1954 velut
1302 1895 1607 1974 persoluta
1634 1894 1773 1962 fide,
1800 1895 2079 1972 quoniam
2106 1915 2215 1975 per

208 1993 348 2032 eum
391 1993 511 2031 non
553 1972 836 2042 stetisset,
904 1973 1049 2053 quin
1091 1981 1496 2054 praestaretur,
1539 1975 1931 2034 decedentem
1972 1975 2217 2034 domum

209 2073 349 2112 oum
377 2053 578 2111 favore
606 2073 676 2112 ac
705 2053 980 2114 laudibus
1007 2055 1305 2134 prosecuti
1334 2060 1493 2114 sunt.
1602 2107 1605 2113 .
1866 2079 1870 2084 ·
2104 2109 2106 2120 2

283 2133 554 2198 ,XXXIh
596 2133 806 2192 Timor
843 2134 985 2193 inde
1030 2134 1239 2192 Patres
1281 2133 1546 2203 incessit,
1575 2153 1669 2201 ne,
1712 2133 1760 2192 si
1804 2132 2085 2191 dimissus
2114 2153 2216 2192 ex-

207 2213 434 2274 ercitus
464 2213 634 2282 foret,
663 2233 866 2274 rursus
895 2222 1088 2273 coetus
1115 2213 1338 2272 occulti
1381 2213 1935 2293 conjurationesque
1964 2212 2177 2272 fierent
2200 2233 2219 2284 ;

125 2299 132 2304 '
203 2295 433 2372 itaque,
462 2313 804 2372 quanquam
834 2315 939 2374 per
966 2295 1319 2354 dictatorern
1346 2293 1621 2352 delectus
1648 2291 1880 2352 habitus
1908 2302 2085 2360 esset,
2125 2302 2217 2360 ta-

203 2393 368 2442 men,
395 2372 674 2452 quoniam
705 2374 764 2432 in
793 2375 1104 2434 consulum
1133 2377 1314 2434 verba
1347 2377 1675 2454 jurassent,
1704 2381 2077 2434 sacramento
2126 2379 2219 2432 te-

208 2455 343 2514 neri
373 2453 622 2514 militem
668 2453 796 2522 rati,
837 2461 945 2534 per
973 2475 1211 2518 causam
1256 2454 1523 2515 renovati
1553 2459 1626 2514 ab
1652 2453 1873 2532 AEquis
1899 2452 2041 2512 belli
2070 2453 2231 2536 edu-h

211 2535 271 2596 ci
297 2554 374 2593 ex
402 2537 544 2598 urbe
572 2533 833 2614 legiones
852 2537 1128 2616 jussere3
1169 2552 1289 2615 quo
1319 2537 1477 2596 facto
1518 2544 1812 2594 maturata
1854 2545 1945 2594 est
1986 2533 2219 2594 seditio.

209 2617 298 2675 Et
350 2615 540 2695 primo
569 2615 854 2696 agitatum
883 2615 1105 2676 dicitur
1131 2617 1208 2676 de
1238 2617 1546 2688 consulum
1591 2616 1779 2684 caede,
1808 2629 1875 2673 ut
1916 2614 2217 2676 solveren—

211 2701 314 2755 tur
343 2703 754 2754 sacramentoz
823 2697 1028 2756 doctos
1057 2696 1294 2766 deinde,
1338 2699 1562 2756 nullam
1605 2697 1829 2755 scelere
1877 2695 2219 2776 religionem

214 2775 461 2843 exsolvi,
505 2775 727 2834 Sicinio
768 2777 1028 2854 quodam
1070 2785 1331 2847 auctore,
1378 2776 1963 2870 injussuffconsulum
2004 2777 2065 2835 in
2111 2777 2218 2836 Sa-

213 2876 384 2916 crum
438 2862 698 2915 montem
734 2857 1058 2917 *secessisse
1100 2857 1289 2935 (trans
1328 2861 1628 2916 'Anienem
1670 2875 1903 2930 amnem
1946 2858 2059 2938 est)
2104 2856 2221 2915 tria

211 2938 288 2997 ab
317 2938 461 2996 urbe
489 2935 676 2996 millia
706 2955 1023 3016 passuum3
1067 2959 1136 2996 ea
1156 2937 1525 3015 frequentior
1549 2936 1708 2996 fama
1736 2948 1845 3004 est,
1874 2957 2070 3015 quam,
2114 2957 2219 2995 cu-

203 3019 312 3098 ·jus
358 3016 494 3074 Piso
535 3022 745 3076 auctor
772 3027 881 3088 est,
910 3017 971 3076 in
1007 3018 1373 3076 Aventinum
1402 3016 1791 3076 secessionem
1820 3017 2042 3076 factam
2072 3036 2222 3075 esse.
2300 3049 2310 3062 ·

215 3097 306 3158 Ibi
339 3096 466 3156 sine
497 3097 620 3156 ullo
647 3097 820 3168 duce,
845 3099 1002 3158 vallo
1044 3098 1325 3176 fossaque
1352 3095 1729 3156 communitis
1758 3097 1988 3179 eastris,¹
2014 3094 2223 3172 quieti,

212 3198 340 3238 rem
372 3177 620 3247 nullam,
661 3177 772 3236 nisi
815 3178 1211 3238 necessariam
1243 3179 1319 3237 ad
1363 3177 1605 3246 victum,
1632 3179 1938 3258 sumendo,
1967 3194 2073 3252 per
2114 3173 2221 3232 ali-

220 3265 369 3336 quot
397 3257 552 3328 dies,
592 3277 786 3336 neque
827 3258 1092 3319 lacessiti
1134 3278 1331 3336 neque
1371 3259 1756 3328 lacessentes),
1786 3278 1916 3317 sese
1957 3262 2223 3324 tenuere.

214 3338 413 3399 Pavor
441 3338 650 3419 ingens
677 3338 738 3397 in
781 3342 942 3408 urbe,
995 3346 1283 3418 metuque
1325 3344 1530 3398 mutuo
1570 3354 1855 3430 suspensa
1886 3338 2057 3393 erant
2096 3354 2223 3425 om-

215 3417 336 3480 nia.
421 3417 664 3478 Timere
692 3418 903 3480 relicta
929 3423 1002 3480 ab
1044 3421 1166 3479 suis
1209 3420 1412 3500 plebes
1452 3419 1794 3481 violentiam
1844 3415 2103 3483 Patrum,
2147 3423 2223 3472 tl·-

216 3518 382 3559 mere
432 3500 642 3559 Patres
670 3499 922 3560 residem
951 3500 1014 3559 in
1041 3501 1197 3560 'urbe
1240 3501 1492 3581 plebem,
1532 3495 1767 3563 incerti,
1793 3513 2031 3554 manere
2073 3515 2223 3562 eam,

213 3597 296 3638 an
326 3579 486 3639 abire
528 3581 799 3640 mallent„
900 3580 1091 3656 Quam
1119 3581 1221 3640 diu
1265 3589 1465 3640 autem
1505 3574 1905 3664 tranquill-am,
1947 3593 2083 3664 quae
2130 3594 2225 3630 se-

223 3659 492 3730 cesserit,
518 3658 966 3734 multitudinem
1007 3659 1180 3720 fore?
1221 3659 1369 3740 quid
1396 3657 1663 3718 futurum
1702 3653 1939 3740 demde,
1980 3673 2031 3712 si
2056 3649 2218 3730 quod
