2400 4109
1043 125 1306 192 menn
1327 129 1449 193 ιιι.
1666 87 1673 93 ’
2152 135 2273 200 16}

263 284 548 348 eonsules
572 282 772 348 adorti
787 288 1032 350 essent?
1071 308 1192 351 non
1219 290 1377 350 enim
1400 307 1635 372 semper
1654 287 1933 352 Valerios
1954 289 2267 356 Horatios-

310 388 386 428 ue
414 368 688 428 consules
715 365 863 437 fore,
889 367 994 447 qui
1018 368 1280 430 libertati
1300 370 1493 452 plebis
1516 389 1653 430 suas
1672 391 1813 452 opes
1834 372 2313 452 postserrent.”·‘

265 387 444 508 {orte
471 448 726 528 quadam
754 446 888 506 utili
931 448 1008 508 ad
1035 455 1289 535 tempus,
1335 457 1407 510 ut
1432 450 1687 510 comitiis
1722 456 2027 542 proeesset,
2075 454 2262 533 potis-

263 527 480 587 simum
507 529 598 588 M.
629 527 829 588 Duilio
851 527 1002 588 forte
1029 529 1250 599 evenit,
1292 529 1417 590 viro
1459 531 1761 611 prudenti,
1798 537 1860 592 et
1886 551 1961 590 ex
1988 533 2263 605 continuss

262 607 460 668 atione
508 609 892 689 magistratus
945 607 1233 669 invidiam
1286 609 1693 672 imminentem
1756 611 2075 683 cernenti3
2153 613 2265 693 qui

261 707 448 766 quum
473 707 548 748 ex
575 687 875 750 veteribus
902 686 1154 748 tribunis
1182 697 1425 771 agaret
1446 690 1646 763 ,ullius
1690 709 1753 750 se
1782 690 2071 752 rationem
2097 691 2261 754 habi·

256 772 481 848 turum,
521 775 976 850 pugnarentque
1018 769 1287 851 collegae,
1330 777 1399 829 ut
1438 769 1653 846 liberas
1678 770 1959 843 tribusjn
1986 771 2262 866 suffragi-

257 867 360 908 um
409 848 694 917 mitteret‚
719 921 726 926 .
747 855 854 909 aut
907 849 1265 911 concederet
1315 849 1529 914 fortem
1580 849 1951 912 comitiorum
1993 851 2261 934 collegis,

255 925 548 989 habituris
567 929 602 986 ὲ
627 921 760 1009 lege
789 926 986 1008 potius
1015 929 1276 997 comitia,
1302 929 1484 1008 quim
1526 949 1603 990 ex
1628 930 1932 992 voluntate
1971 931 2265 1003 Patrumf,

255 1007 484 1088 injecta
533 1005 934 1078 contentione,
972 1008 1235 1076 Duilius,
1282 1008 1557 1068 consules
1603 1010 1679 1069 ad
1708 1009 2005 1072 subsellia'
2032 1011 2259 1074 accito·

256 1105 448 1165 quum
476 1087 914 1168 interrogasset,
962 1088 1108 1168 qnid
1138 1088 1215 1156 de
1242 1087 1498 1148 comitiis
1540 1086 1943 1149 consularibus
1968 1089 2031 1150 in
2059 1090 2262 1152 animo

253 1165 560 1234 baberent,
633 1165 1200 1246 respondissentque
1253 1187 1319 1227 se
1368 1187 1551 1228 novos
1605 1169 1883 1230 consules
1936 1167 2261 1241 creaturos,

255 1255 528 1308 auctores
556 1245 856 1327 popularis
883 1248 1198 1309 sententiae
1230 1247 1390 1308 haud
1416 1247 1733 1328 populares
1758 1255 1993 1316 nactus,
2030 1249 2091 1308 in
2114 1268 2255 1310 con·

254 1326 488 1388 cionem
541 1347 678 1387 cum
717 1325 792 1386 iis
842 1327 1154 1408 processit.
1239 1327 1359 1388 Ubi
1404 1348 1591 1406 quum
1641 1327 1934 1397 consules,
1980 1327 2255 1409 producti

249 1405 326 1468 ad
371 1405 670 1498 populum,
717 1406 1203 1487 interrovatique,
1253 1407 1307 1467 si
1346 1427 1449 1468 eos
1475 1407 1729 1488 populus
1758 1407 2082 1476 Romanus»,
2130 1427 2255 1469 me-

250 1506 382 1546 mor
421 1486 714 1548 libertatis
756 1506 864 1567 per
902 1454 1039 1546 ilios
1079 1493 1340 1568 receptae
1384 1486 1565 1557 domi,
1617 1507 1841 1546 memor
1884 1485 2115 1546 militiae
2158 1507 2253 1547 re·

250 1585 504 1645 rumque
531 1574 852 1659 gestarum,
882 1566 1160 1626 consules
1185 1567 1401 1626 iterum
1428 1567 1677 1633 faceret,
1724 1565 2009 1645 quidnam
2036 1565 2256 1628 facturi

251 1651 475 1714 essent,
503 1645 648 1706 mbil
678 1645 994 1706 sententies
1033 1664 1158 1705 suae
1187 1651 1567 1714 mutfissent3
1610 1643 1962 1706 collaudatis
1992 1646 2254 1706 consuli-

249 1727 382 1794 bus,
422 1719 587 1802 quod
614 1731 1065 1804 perseverarent
1103 1725 1181 1786 ad
1209 1724 1487 1785 ultimum
1526 1722 1848 1783 dissimiles
1888 1723 2255 1787 decemviro·

249 1824 384 1864 rum
413 1823 564 1873 esse,
606 1803 846 1864 comitia
871 1803 1113 1864 habuitz
1156 1812 1236 1874 et,
1282 1803 1547 1882 quinque
1592 1803 1845 1864 tribunis
1872 1803 2061 1884 plebis
2087 1825 2255 1867 crea-

249 1883 352 1954 tis,
405 1901 590 1962 quum
614 1903 740 1964 prae
769 1883 983 1944 studiis
1019 1885 1226 1964 aperte
1251 1883 1584 1964 petentium
1626 1901 1839 1944 novem
1881 1885 2254 1947 tribunorum

249 1963 358 2028 alii
385 1963 689 2024 candidati
716 1963 904 2024 tribus
947 1983 1066 2024 non
1093 1963 1423 2043 explerent,
1466 1962 1783 2024 concilium
1827 1961 2095 2036 dimisit3
2136 1984 2251 2028 nec
2312 1995 2329 2012 ·

250 2041 470 2104 deinde
521 2041 890 2104 comitiorum
919 2049 1099 2103 causa
1139 2043 1362 2104 habuit.
1445 2043 1830 2104 Satisfactum
1878 2044 1999 2124 legi
2038 2043 2253 2114 aiebat,

248 2143 402 2204 quae,
450 2144 694 2184 numero
735 2141 1028 2202 nusquam
1071 2121 1369 2202 praefiuito
1407 2123 1682 2202 tribunis,
1728 2121 1905 2182 modo
1953 2129 2021 2183 ut
2060 2124 2248 2184 relin-

247 2209 591 2285 querentur,
646 2201 948 2272 sanciret3
990 2207 1054 2261 et
1093 2203 1166 2261 ab
1206 2200 1301 2269 iis,
1354 2201 1459 2279 qui
1486 2201 1672 2261 creati
1712 2207 1936 2270 essent,
1982 2202 2251 2282 cooptari

248 2277 510 2364 colleg'as
541 2285 799 2363 juberet.
881 2279 1316 2358 Recitabatque
1360 2280 1674 2362 rogationis
1704 2300 1963 2350 carmen,
2003 2281 2066 2340 in
2108 2302 2247 2360 quo,

245 2375 282 2401 “
309 2363 374 2423 Si
401 2363 668 2424 tribunos
707 2359 1140 2442 plebei-decem
1167 2362 1401 2452 rogabo,
1455 2360 1639 2438 siqui
1688 2379 1793 2420 vos
1835 2359 2033 2419 minus
2071 2359 2249 2424 hodie

245 2443 458 2503 decem
484 2442 751 2503 tribunos
776 2440 970 2522 plebei
1011 2439 1315 2500 feceritis:
1357 2439 1415 2498 bi
1441 2445 1569 2499 tum
1597 2439 1715 2508 uti,
1752 2459 1900 2518 quos
1926 2440 2038 2500 sibi
2066 2441 2249 2502 colle-

245 2543 354 2603 gas
392 2521 780 2602 cooptassint,
833 2527 902 2580 ut
941 2519 1030 2579 illi
1074 2519 1325 2612 legitimi
1366 2518 1576 2578 eadem
1619 2518 1750 2599 lege
1790 2519 2009 2580 tribuni
2052 2519 2250 2600 plebei

242 2605 388 2670 sint,
427 2608 500 2662 ut
522 2601 631 2670 illi,
679 2619 830 2680 quos
857 2600 1031 2660 hodie
1059 2602 1327 2662 tnbunos
1354 2598 1545 2680 plebei
1572 2598 1901 2659 feceritis.”
1986 2600 2244 2672 Duilius,

245 2703 430 2762 quum
479 2682 554 2743 ad
603 2681 880 2742 ultimum
923 2687 1391 2760 perseverasset,
1426 2679 1699 2761 negando
1752 2679 2091 2758 quindecim
2132 2681 2245 2747 tri-

241 2765 433 2824 bunos
477 2760 669 2844 plebei
698 2761 1117 2841 rempublicam
1165 2760 1381 2821 habere
1422 2779 1616 2840 posse,
1671 2759 1831 2819 victa
1880 2760 2244 2842 collegarum

247 2842 595 2982 cgpitditate,
618 2887 624 2892 -
647 2842 868 2924 pariter
910 2839 1182 2902 Patribus
1220 2839 1503 2938 plebique
1540 2845 1843 2920 acceptuS,
1894 2844 2245 2920 magistratu

245 2942 282 2983 a
321 2944 362 2982 u
391 2966 410 2982 .

326 3003 519 3063 LXV.
559 2999 720 3062 Novi
762 2999 984 3062 tribuni
1065 2999 1216 3062 lebis
1244 2999 1307 3062 in
1336 2997 1681 3082 cooptandis
1710 2997 1953 3080 collegis
1992 2999 2245 3064 Petrum

237 3083 608 3144 voluntatem
653 3081 974 3154 foverunt3
1014 3023 1164 3142 «linos
1217 3081 1395 3142 etiam
1443 3080 1721 3160 patricios
1764 3081 2245 3157 consularesque,

245 3164 349 3242 Sp.
375 3162 702 3242 Tarpeium
747 3169 810 3223 et
837 3164 915 3222 A.
941 3162 1237 3230 Ater-ium,
1264 3169 1637 3242 cooptavere.
1718 3159 2013 3220 Consules
2034 3156 2241 3225 creati,

241 3243 388 3304 Lar.
419 3242 782 3312 Herminius,
830 3243 906 3301 T.
945 3241 1251 3324 Virginius
1280 3241 1779 3308 Caelimontanus,
1826 3237 1971 3298 nihil
1999 3254 2242 3315 magno·
2341 3289 2351 3297 ,

238 3343 385 3403 pere
413 3321 487 3382 ad
519 3325 764 3383 Patrum
805 3329 912 3384 aut
936 3323 1126 3403 plebis
1157 3341 1396 3382 causam
1422 3321 1719 3388 inclinati,
1765 3317 1952 3378 otium
1980 3313 2139 3400 domi
2169 3333 2240 3375 ac

239 3403 386 3464 foris
413 3403 716 3463 habuere..
768 3403 841 3461 L.
869 3402 1207 3462 Trebonius
1254 3402 1525 3461 tribunus
1573 3397 1784 3480 plebis,
1827 3393 2083 3454 infestus
2124 3395 2242 3454 Pa·
2350 3443 2352 3448 .

239 3484 450 3553 tribus,
481 3483 661 3562 ,qu-*d
690 3502 754 3542 se
783 3485 856 3544 ab
883 3482 958 3542 iis
983 3481 1045 3540 in
1089 3481 1443 3562 cooptandis
1467 3480 1719 3538 tribunis
1750 3473 1959 3534 fraude
1980 3484 2243 3567 captum,
2348 3519 2350 3558 3

239 3564 544 3643 prodimm
591 3564 620 3620 ἑ
664 3561 924 3652 collegis,
973 3560 1184 3630 aiebat,
1234 3560 1588 3631 rogationem
1620 3555 1780 3622 tulit,
1827 3566 1860 3590 “
1884 3563 1952 3614 ut
1980 3575 2081 3632 qul
2113 3555 2242 3634 ple·
2345 3571 2350 3642 ἱ·

237 3645 379 3704 bem
424 3645 754 3704 Romanam
781 3644 1049 3700 tribunos
1078 3640 1233 3720 plebi
1262 3643 1513 3719 rogaret,
1560 3635 1615 3693 is
1658 3653 1849 3708 usque
1892 3635 1961 3692 e&
1990 3654 2055 3692 ro
2094 3635 2243 3696 aret,

243 3723 388 3788 dum
413 3725 624 3796 decem
649 3721 919 3786 tribunos
959 3719 1118 3802 plebi
1163 3720 1392 3783 faceret
1412 3717 1477 3788 3⁹⁹
1519 3710 2005 3791 insectandisque
2096 3703 2241 3768 atri-
2324 3719 2346 3808 L*

2253 3921 2342 4077 ,Α
