2400 4109
1035 130 1300 211 mimi
1326 128 1412 209 11‘.
2156 152 2233 211 ⁷7

221 320 297 371 e'x
333 329 457 371 una
500 308 746 369 civitate
811 308 1110 377 discordia
1151 310 1401 391 fecerat)
1471 309 1645 391 longe
1676 310 1863 371 aliter
1904 308 2115 370 Patres
2156 330 2229 369 ac

261 392 455 451 lebem
484 390 759 450 affecere.-
838 390 1156 451 Exsultare
1183 391 1401 473 gaudio
1427 391 1665 471 plebes3
1707 404 1739 427 ‘⁶
1759 392 1985 451 ultores
2024 411 2235 471 super-

257 472 334 531 iae
383 472 629 537 Patrum
670 470 928 531 adesse”
971 470 1171 532 dicere
1213 474 1433 532 “Deos
1458 474 1522 542 ;”
1592 472 1747 533 alius
1790 472 1971 531 alium
2014 472 2231 534 confir-

159 569 187 583 ··
217 569 403 619 mare,
444 572 522 611 ne
550 552 792 611 nomina
830 552 1081 611 darent:
1123 574 1263 613 cum
1288 551 1559 612 omnibus
1595 553 1815 633 potin&
1843 574 1921 632 qu
1940 553 2021 614 *m
2053 554 2231 623 sulm,

215 632 533 714 perituros
636 634 864 693 ‘Patres
925 632 1269 701 militarent,
1338 636 1545 695 Patres
1612 654 1779 693 arma
1817 643 2119 713 caperent,
2160 640 2231 695 ut

217 733 406 794 penes
449 712 691 781 eosdem
734 712 1000 792 pericula
1041 713 1200 782 belli,
1228 730 1453 795 *penes*
1487 735 1637 793 quos
1678 714 1945 794 praemia,
2008 720 2229 775 essent.

199 794 307 854 'At
334 794 474 853 veri·
507 793 692 861 curia,
721 799 936 855 moesta
976 814 1046 853 ac
1074 793 1311 875 trepida
1360 795 1599 873 -“ncipiti
1630 802 1787 855 metu
1818 802 1881 855 et
1908 797 1980 854 ab
2009 794 2138 853 cive
2167 799 2230 855 et

217 877 292 935 ab
331 874 520 943 hoste,
567 866 884 934 Servilium
913 876 1239 945 consulem,
1268 876 1367 937 cui
1392 875 1696 956 ingenium
1724 874 1911 957 magis
1942 874 2225 955 populare

215 962 366 1024 erat,
434 975 625 1023 orare,
693 962 761 1015 ut
801 953 984 1015 tantis
1027 956 1493 1023 circumventam
1553 957 1872 1016 terroribus
1915 956 2232 1036 expediret

201 1034 710 1115 rempublicam·
790 1036 948 1093 Tum
992 1037 1221 1103 consul,
1266 1036 1445 1096 misso
1487 1043 1715 1105 senatu,
1771 1036 1829 1095 in
1874 1036 2225 1097 concionem

213 1116 432 1197 prodit.
519 1114 625 1185 lbi,
654 1128 689 1151 “
712 1135 869 1174 curae
899 1134 1030 1175 esse
1061 1116 1400 1184 Patribusss’
1428 1116 1711 1184 ostendit,
1732 1128 1765 1152 “
1788 1124 1855 1175 ut
1876 1118 2225 1197 consulatur

209 1197 376 1277 plebi
399 1216 416 1267 ;
461 1198 729 1256 ceteram
759 1196 1175 1256 deliberationi
1199 1196 1289 1272 de¹
1308 1196 1565 1256 maxima
1592 1197 1831 1276 quidem
1859 1196 1982 1267 illa,
1998 1198 2103 1257 sed
2130 1210 2225 1259 ta·

209 1297 351 1337 men
381 1282 550 1355 parte
600 1276 878 1346 civitatiS,
933 1283 1157 1337 metum
1187 1297 1295 1357 pro
1322 1277 1602 1343 universa
1629 1278 1930 1359 republica
1957 1278 2221 1338 interve-

210 1358 375 1419 nisse
401 1378 418 1427 3
461 1378 572 1416 nec
602 1378 791 1437 posse,
819 1378 1004 1437 quum
1031 1356 1229 1418 hostes
1258 1378 1439 1451 prope
1466 1360 1543 1418 ad
1571 1368 1775 1439 portas
1805 1370 2023 1428 essent,
2063 1360 2225 1419 bello

207 1437 592 1519 praevertisse
633 1438 994 1517 quicquam:
1061 1459 1196 1507 nec,
1239 1460 1290 1499 si
1344 1440 1424 1499 sit
1466 1438 1791 1499 laxamenti
1832 1440 2077 1517 aliquid,
2120 1444 2225 1499 aut

206 1518 387 1601 plebi·
414 1519 724 1579 honestum
757 1539 907 1591 esse,
933 1518 1050 1579 nisi
1101 1520 1376 1582 mercede
1405 1518 1495 1599 pri
1508 1523 1573 1578 Rs
1615 1526 1885 1597 acceptl,
1927 1540 2089 1579 arma
2118 1538 2223 1599 pro

207 1599 404 1681 patria
427 1619 549 1658 non
577 1600 848 1679 cepisse;
891 1620 1087 1677 neque
1131 1599 1407 1659 Patribus
1450 1600 1595 1658 satis
1626 1599 1927 1667 decorum,
1969 1618 2075 1679 per
2100 1621 2221 1660 me-

205 1687 340 1740 tum
423 1680 602 1747 otiis,
629 1681 810 1759 qu*m
891 1678 1156 1739 ostmodo
1197 1680 1528 1747 voluntate,
1556 1669 1795 1739 afflictis
1823 1678 2039 1749 civium
2085 1700 2223 1741 suo-

205 1780 340 1821 rum
395 1759 624 1820 ortunis
653 1780 836 1819 consu
865 1760 1090 1819 uisse.”
1195 1758 1486 1820 Concioni
1516 1760 1733 1819 deinde
1762 1760 1966 1819 edicto.
1986 1760 2223 1821 addidit

205 1841 412 1911 fidem,
439 1861 562 1920 quo
587 1838 793 1911 edixit,
842 1841 994 1909 “Ne
1023 1841 1159 1920 quis
1189 1840 1381 1901 civem
1427 1843 1756 1907 Romanum
1801 1840 2067 1901 vinctum
2116 1846 2221 1902 aut

203 1922 480 1983 clausum
509 1928 760 1990 teneret,
787 1921 908 2001 quo
952 1920 1071 1980 min
1087 1924 1147 1989 fes
1175 1920 1248 1981 ei'
1274 1922 1525 1982 nominis
1552 1922 1769 1982 edendi
1815 1924 1973 2002 apud
2002 1943 2218 1982 consu-

204 2002 296 2063 les
325 2010 592 2083 potestas
633 2000 823 2061 fieret.
931 2003 1030 2075 Ne
1058 2002 1194 2081 quis
1224 2002 1449 2072 militis,
1475 2003 1667 2061 donec
1710 2004 1769 2061 in
1800 2004 2013 2061 castris
2041 2008 2219 2074 esset,

203 2084 360 2143 bona
389 2082 744 2161 possideret,
763 2082 872 2142 aut*
889 2083 1217 2143 venderet:
1260 2083 1475 2142 liberos
1504 2089 1825 2161 nepotesve
1854 2085 1984 2161 ejus
2030 2104 2219 2143 mora-

203 2164 434 2223 retur.’.’
526 2164 654 2222 Hoc
683 2162 982 2243 proposito
1012 2161 1231 2231 edicto,
1259 2170 1337 2231 et,
1378 2162 1482 2241 qui
1507 2163 1776 2230 aderant,
1805 2163 1941 2220 nexi
1972 2164 2217 2240 prs-fite-

201 2244 250 2303 ri
279 2244 581 2335 extemplo
609 2242 884 2313 nomina3
933 2248 996 2309 ej:
1023 2242 1299 2321 undique
1319 2262 1393 2301 ex
1422 2249 1545 2301 tota
1578 2244 1721 2301 urbe
1762 2242 2215 2322 proripientium

200 2344 270 2385 se
310 2346 390 2384 ex
416 2331 668 2404 privato,
712 2344 896 2403 quum
924 2322 1221 2383 retinendi
1255 2324 1357 2403 jus
1387 2322 1669 2382 creditori
1718 2342 1837 2381 non
1866 2330 2041 2388 esset,
2073 2326 2216 2383 con‘-

200 2424 420 2465 cursus
448 2405 511 2463 in
552 2404 768 2473 forum,
795 2412 864 2463 ut
911 2410 1285 2463 sacramento
1326 2402 1614 2472 dicerent,
1644 2403 1793 2463 lieri.
1880 2404 2099 2484 Magna
2144 2424 2216 2466 ea.

197 2506 418 2546 manus
449 2484 602 2554 fuit;
642 2505 838 2563 neque
865 2483 1113 2561 aliorum
1145 2484 1332 2566 magis
1358 2484 1422 2543 in
1450 2484 1673 2543 Volsco
1702 2485 1859 2544 bello
1889 2484 2079 2543 virtus
2121 2488 2215 2546 'at-

199 2588 322 2647 que
351 2586 530 2647 opera
575 2564 810 2625 enituit.
931 2566 1160 2625 Consul
1203 2565 1409 2646 copias
1448 2573 1655 2647 contra
1695 2565 1921 2645 hostem
1966 2566 2212 2640 educit3

195 2667 386 2729 parvo
413 2646 729 2706 dirimente
757 2646 1072 2707 intervallo
1103 2654 1299 2707 castra
1324 2646 1512 2727 ponit.

286 2728 480 2786 XXV.
518 2728 798 2787 Proximi
827 2724 968 2786 inde
998 2737 1174 2787 nocte
1202 2725 1427 2796 Volsci,
1455 2726 1746 2787 discordi*
1789 2728 2019 2792 Roman
2035 2736 2053 2761 ”·
2088 2728 2207 2789 fre-

196 2808 270 2878 ti,
299 2807 350 2866 si
379 2827 500 2887 qua
539 2816 832 2871 nocturna
871 2806 1146 2884 transitio
1190 2807 1519 2887 proditiove
1562 2807 1690 2868 fieri
1732 2810 1937 2888 possit,
1967 2816 2209 2872 tentant

198 2898 422 2949 castra.
479 2890 758 2967 „Sensere
800 2887 1050 2969 vigiles:
1113 2887 1412 2950 excitatus
1434 2889 1771 2957 exercituS,
1814 2890 1981 2970 signo
2024 2890 2205 2949 dato:

198 2988 559 3030 concursum
589 2976 683 3028 est
729 2968 807 3028 ad
835 2988 1018 3029 arma.
1129 2964 1225 3040 Ita
1262 2968 1486 3027 frustra
1526 2967 1587 3026 id
1619 2968 1919 3049 inceptum
1954 2970 2205 3039 ,Volscis
2260 3034 2267 3039 .
2298 3043 2300 3045 q

191 3050 357 3119 fuit3
399 3049 693 3129 reliquum
725 3047 933 3108 noctis.
959 3047 1243 3126 utrinque
1284 3046 1474 3128 quieti
1514 3049 1739 3107 datum.
1821 3053 2065 3109 Postero
2106 3049 2204 3109 die
2295 3046 2297 3049 ’

190 3131 390 3213 primi
438 3130 571 3189 luce
603 3129 830 3197 Volsci,
869 3128 1044 3189 fossis
1071 3128 1340 3208 repletiS,
1382 3129 1604 3189 vallum
1649 3130 1957 3199 invadunt.
2036 3130 2200 3187 Jam-

193 3230 318 3291 que
373 3214 448 3271 ab
477 3210 638 3269 omni
679 3216 848 3291 parte
891 3209 1263 3269 munimenta
1304 3208 1697 3280 vellebantur,
1741 3230 1921 3290 quum
1967 3208 2223 3279 consul,

193 3296 546 3371 quanquam
575 3290 778 3350 cuncti
821 3290 1110 3369 undique,
1151 3298 1216 3349 et
1243 3288 1381 3348 nexi
1422 3298 1563 3349 ante
1603 3308 1828 3361 omneS,
1857 3297 1925 3348 ut
1966 3288 2202 3367 signum

192 3372 388 3439 daret,
419 3372 778 3441 clamabant,
819 3370 1164 3452 experiendi
1208 3370 1716 3437 animosmilitum
1747 3376 1913 3430 caus'
1958 3388 2198 3447 parum-

189 3472 300 3533 per
343 3458 627 3520 moratuS,
669 3460 996 3531 postquam.
1025 3451 1172 3511 satis
1214 3454 1535 3532 apparebat
1574 3452 1787 3531 ingens
1829 3448 2023 3516 ardor,
2052 3452 2195 3513 dato

191 3533 442 3593 tandem
485 3532 560 3592 ad
607 3533 1032 3611 erumpendum
1064 3532 1252 3613 signo,
1294 3532 1541 3592 militem
1572 3532 1809 3589 avidum
1856 3534 2197 3595 certaminis

189 3612 432 3672 emittit.
545 3611 742 3671 Primo
783 3611 982 3671 statim
1025 3609 1484 3692 incursu-pulsi·
1510 3612 1747 3667 hostes:
1816 3608 2197 3691 fug-iemssbiis,

189 3694 394 3771 quoad
433 3691 676 3774 insequi
715 3692 900 3775 pedes
921 3692 1158 3832 Gpotuit,
1199 3700 1367 3773 terga
1404 3708 1609 3751 caesa:
1650 3710 1835 3770 eques
1877 3713 2070 3782 usque
2118 3693 2195 3784 ad
