2400 4109
191 127 312 190 254
817 123 822 130 ’
1031 127 1110 188 Τ.
1133 127 1351 190 mvn

187 287 433 358 milites,
461 292 588 348 erat
615 307 634 358 3
671 305 858 380 pavor
881 285 948 346 fu
1025 305 1143 366 que
1169 292 1573 370 occupaverat
1609 283 1858 356 animos,
1914 291 1979 348 et
2019 292 2195 350 tanta

187 366 492 428 bominum
519 367 753 438 oblivio,
774 372 845 426 ut
869 387 968 427 mu
995 371 1058 426 to
1081 366 1270 445 major
1297 386 1437 446 pars
1464 368 1664 447 Vejos,
1710 368 1773 427 in
1798 367 2057 428 hostium
2082 386 2190 426 ur-

185 448 340 516 bem,
379 465 566 526 quum
591 447 832 509 Tiberis
855 452 1103 519 arceret,
1150 445 1333 524 quam
1378 453 1547 506 recto
1570 446 1788 508 itinere
1810 447 2061 508 Romam
2100 447 2183 508 ad

187 527 471 606 conjuges
501 546 573 588 ac
599 525 818 587 liberos
857 524 1151 606 fugerent.
1232 525 1562 608 Parumper
1588 525 1969 588 subsidiarios
2018 531 2184 586 tuta-

183 611 284 665 tus
311 611 406 665 est
431 606 643 675 locus3
683 606 747 665 in
774 604 1004 683 reliqua
1029 605 1160 666 acie
1183 603 1360 664 simul
1388 612 1485 665 est
1510 605 1754 676 clamor,
1796 604 2079 686 proximis
2106 607 2187 666 ab

182 685 393 755 latere,
419 683 646 747 ultimis
667 687 742 746 ab
767 700 948 765 tergo,
973 683 1238 754 auditne,
1264 683 1533 766 ignotum
1574 684 1805 746 hostem
1830 685 1999 768 prius
2106 687 2189 745 ne

227 766 368 824 uam
393 765 689 833 viderent,
741 783 861 824 non
889 762 1068 824 modo
1117 783 1236 825 non
1288 769 1525 825 tentato
1552 763 1902 834 certamine,
1949 783 2015 826 se
2104 785 2195 826 ne

181 863 217 904 c
243 863 444 906 amore
468 843 710 924 quidem
737 842 994 914 reddito,
1030 843 1250 925 integri
1272 841 1622 923 'intactique
1662 843 1965 930 fugerunt.
2046 845 2191 905 Nec

181 923 310 985 ulla
337 924 540 985 caedes
587 925 981 1004 pugnantium
1007 923 1168 994 fuit3
1244 927 1343 982 ter
1379 943 1418 982 a
1460 943 1623 984 caesa
1662 928 1895 984 suomet
1918 923 2190 1004 ipsorum

182 1003 509 1064 certamine
555 1001 618 1062 in
659 1005 834 1063 turba
871 1000 1304 1084 impedeutium
1370 1020 1563 1094 ugam.
1642 1002 1825 1063 Circa
1852 1002 2042 1084 ripam
2068 1003 2187 1063 Ti·

179 1081 356 1152 beris,
405 1081 530 1160 quo
578 1081 760 1142 armis
787 1082 1039 1163 abjectis
1093 1087 1285 1142 totum
1334 1081 1643 1142 sinistrum
1698 1099 1883 1142 cornu
1929 1081 2191 1164 defugit,

178 1181 394 1242 magna
441 1167 672 1243 strages
701 1160 887 1222 ‘facta
933 1166 1067 1222 est:
1105 1160 1466 1240 multosque,
1510 1161 1823 1242 imperitos
1848 1161 2035 1222 naudi
2074 1169 2187 1223 aut

178 1239 494 1310 invalidoS,
539 1259 750 1322 graves
791 1241 993 1300 loricis
1035 1240 1291 1320 aliisque
1316 1240 1677 1321 tegminibus
1700 1241 1954 1302 hausere
1979 1242 2186 1322 gurgi-

179 1327 317 1392 tes3
355 1320 615 1381 maxima
663 1327 865 1380 tamen
912 1337 1052 1412 pars
1095 1318 1415 1379 incolumis
1460 1320 1643 1400 Vejos
1672 1319 1977 1401 perfugit3
2016 1319 2187 1384 unde

179 1419 302 1461 non
327 1400 505 1460 modo
529 1399 793 1482 praesidii
827 1415 1170 1477 quicquam,
1191 1397 1298 1458 sed
1318 1417 1399 1458 ue
1426 1399 1683 1460 nuncius
1710 1399 1951 1478 quidem
1974 1401 2191 1472 eludia,

179 1481 437 1540 Romam
465 1485 558 1540 est
603 1479 840 1539 missus.
921 1481 1020 1538 Ab
1071 1478 1287 1540 dextro
1306 1495 1521 1549 cornu,
1564 1479 1727 1558 quod
1770 1480 1975 1558 procul
2003 1480 2040 1540 εἶ
2064 1479 2187 1541 flu-

179 1560 341 1628 mine
369 1567 431 1620 et
453 1559 640 1640 magis
670 1563 778 1619 sub
799 1563 1001 1618 monte
1027 1563 1297 1628 stet-erat,
1322 1559 1573 1619 Romam
1603 1577 1811 1618 omnes
1834 1559 2079 1639 petiere,
2099 1565 2189 1632 et,

181 1659 260 1702 ne
283 1639 504 1700 clausis
525 1639 765 1718 quidem
788 1637 976 1718 portis
1001 1637 1185 1706 urbis,
1206 1637 1273 1700 in
1298 1657 1499 1700 arcem
1527 1637 1938 1718 confugerunt.

263 1719 547 1780 XXXIX.
588 1713 797 1778 Gallos
847 1737 1085 1796 quoque
1135 1718 1307 1777 velut
1346 1717 1787 1800 obstupefactos
1826 1717 2185 1780 miraculum

181 1798 448 1860 victoriae
477 1802 602 1858 tam
641 1797 973 1877 repentinas
999 1797 1196 1857 tenuit
1224 1817 1243 1867 3
1282 1801 1347 1856 et
1398 1797 1513 1876 ipsi
1556 1815 1776 1880 pavore
1827 1797 2007 1856 defixi
2102 1799 2188 1858 ri·

179 1879 349 1938 mum
375 1881 691 1944 steterunt,
712 1877 880 1934 velut
899 1875 1110 1956 ignari,
1135 1873 1281 1954 quid
1308 1877 1629 1936 accidisset
1651 1894 1669 1946 3
1691 1875 1908 1936 deinde
1928 1876 2044 1936 insi
2087 1877 2183 1938 ias

180 1956 378 2018 vereri
407 1976 425 2026 3
464 1956 764 2036 postremo
782 1972 1072 2015 caesorum
1095 1955 1285 2034 spolia
1306 1955 1520 2036 legere,
1538 1975 1952 2034 armorumque
1970 1975 2183 2016 cumu-

180 2038 293 2108 los,
317 2042 387 2096 ut
413 2055 540 2098 mos
569 2036 655 2096 eis
683 2040 790 2104 est,
820 2053 1188 2094 coacervare.
1270 2033 1431 2094 Tum
1460 2037 1718 2104 demum,
1742 2041 2051 2115 postquam
2080 2037 2181 2096 ni-

180 2117 266 2178 hil
315 2135 567 2196 usquam
593 2114 804 2176 hostile
849 2115 1220 2182 cernebatur,
1267 2114 1425 2174 viam
1472 2111 1744 2194 ingressi,
1790 2114 1948 2176 haud
1988 2115 2187 2177 multo

182 2203 326 2258 ante
369 2195 512 2255 solis
577 2207 859 2256 occasum'
897 2192 976 2252 ad
1030 2195 1237 2253 urbem
1290 2194 1545 2253 Romam
1596 2194 1995 2272 perveniunt3
2076 2193 2182 2256 ubi

181 2295 365 2356 quum
389 2274 706 2356 praegressi
729 2271 988 2352 equites,
1039 2291 1162 2332 non
1187 2279 1390 2352 portas
1418 2274 1671 2342 clausas,
1698 2291 1817 2332 non
1862 2272 2184 2334 stationem

180 2375 292 2437 pro
309 2353 504 2492 sortis
533 2356 840 2420 excubare,
867 2371 989 2412 non
1015 2357 1273 2412 armatos
1300 2371 1433 2412 esse
1458 2352 1521 2412 in
1552 2350 1757 2421 muris,
1786 2353 2135 2414 retulissent
2161 2375 2183 2426 3

182 2434 306 2496 aliu
371 2431 554 2514 priori
579 2431 772 2492 simile
799 2431 1156 2492 miraculum
1173 2450 1276 2492 eos
1296 2431 1587 2492 sustinuit
1608 2449 1626 2501 3
1650 2439 2006 2512 noctemque
2023 2433 2183 2493 veri-

181 2513 234 2576 ti
260 2518 323 2574 et
347 2513 562 2594 ignotae
591 2511 771 2574 situm
791 2511 973 2590 urbis,
1013 2510 1170 2573 inter
1210 2509 1460 2572 Romam
1500 2517 1682 2589 atque
1712 2511 2003 2571 Anienem
2035 2531 2183 2571 con-

182 2592 415 2662 sedere,
463 2591 927 2671 exploratoribus
965 2589 1165 2652 missis
1206 2589 1369 2652 circa
1405 2590 1625 2652 moenia
1664 2591 1931 2670 aliasque
1956 2598 2182 2671 portae,

184 2689 466 2752 quaenam
515 2667 780 2729 hostibus
825 2670 892 2729 in
937 2667 1170 2750 perdita
1193 2689 1262 2728 re
1303 2669 1553 2730 consilia
1605 2675 1825 2730 essent.
1904 2671 2181 2742 Romani,

109 2814 130 2822 ,
185 2767 372 2830 quum
417 2765 555 2828 pars
595 2749 782 2829 major
831 2766 909 2807 ex
947 2747 1076 2808 acie
1119 2749 1303 2827 Vejos
1344 2749 1611 2829 petisset,
1662 2769 1837 2810 nemo
1871 2769 2183 2832 superesse

186 2847 543 2912 quemquam
597 2833 822 2908 praeter
874 2845 1028 2898 eos,·
1067 2827 1174 2908 qui
1232 2827 1483 2888 Romam
1548 2829 1908 2910 refugerant,
1970 2828 2182 2891 crede-

187 2915 300 2980 ret,
323 2907 688 2990 complorati
733 2924 958 2977 omnes,
1009 2906 1233 2988 pariter
1255 2906 1379 2968 vivi
1406 2909 1757 2987 mortuique,
1784 2913 1969 2968 totam
1996 2913 2185 2994 prope

187 2992 398 3052 urbem
422 2986 701 3050 lamentis
727 2988 1145 3068 impleverunt.
1197 2987 1501 3048 ¹Privatos
1546 2988 1765 3062 deinde
1811 2988 2013 3049 luctus
2054 2998 2183 3052 stu-

187 3068 415 3152 pefecit
451 3067 726 3148 publicus
771 3086 975 3147 pavor,
1023 3072 1339 3147 postquam
1364 3068 1565 3128 hostes
1590 3068 1811 3128 adesse
1828 3067 2181 3146 nunciatum

192 3155 290 3211 est
316 3169 334 3220 3
375 3167 510 3208 mox
537 3146 802 3206 ululatus
825 3152 1038 3206 cantus
1075 3165 1154 3207 ue
1171 3145 1461 3215 dissonos,
1482 3147 1831 3228 vagantibus
1850 3147 2012 3207 circa
2030 3169 2185 3212 moe-
2270 3205 2274 3209 Α

190 3229 298 3290 nia
319 3225 624 3289 turmatim
649 3225 931 3295 barbaris,
957 3245 1033 3286 au
1079 3227 1298 3287 iebant.
1357 3228 1573 3286 'Omne
1595 3225 1741 3286 inde
1764 3233 2003 3306 tempus
2046 3247 2182 3288 sus-

271 3327 412 3368 nsos
430 3307 517 3367 ita
539 3305 735 3379 tenuit
759 3303 988 3366 animos
1011 3325 1204 3384 usque
1232 3305 1305 3366 ad
1333 3305 1533 3366 lucem
1559 3305 1825 3374 alteram,
1870 3313 1943 3366 ut
1962 3307 2186 3369 identi-
2256 3333 2267 3340 ·

191 3328 333 3445 'tigni
349 3388 478 3464 jam
501 3384 568 3444 in
592 3386 798 3444 urbem
836 3383 1074 3444 futurus
1099 3383 1405 3445 videretur
1442 3384 1700 3466 impetus
1726 3384 1915 3464 primo
1954 3387 2185 3446 adven·-

191 3467 282 3531 tu,
307 3482 426 3541 quo
461 3465 842 3526 accesserant
877 3463 956 3524 ad
981 3466 1184 3524 urbem
1214 3483 1233 3534 3
1274 3481 1579 3528 mansuros
1624 3465 1782 3524 enim
1830 3465 1905 3523 ad
1959 3465 2188 3527 Alliam

193 3538 400 3608 fuisse,
451 3541 570 3601 nisi
612 3542 724 3602 hoc
752 3541 984 3604 consilii
1028 3542 1198 3602 foret.
1279 3543 1515 3602 Deinde
1562 3546 1673 3602 sub
1716 3563 1993 3604 occasum
2039 3547 2185 3608 solis

196 3614 336 3694 quia
360 3615 521 3677 haud
546 3620 797 3684 multum
827 3621 947 3681 diei
971 3626 1300 3700 supererat,
1325 3627 1465 3682 ante
1492 3628 1728 3681 noctem
1754 3623 1870 3682 rati
1918 3643 1981 3682 se
2010 3624 2183 3686 inva-

196 3705 362 3752 *Μῠῠ
389 3711 410 3761 3
447 3699 577 3770 tum
599 3699 666 3760 in
691 3707 930 3766 noctem
957 3698 1209 3762 dilatum
1230 3699 1545 3762 censilium
1572 3719 1723 3771 esse,
1750 3717 1870 3778 quo
1895 3703 2033 3781 plus
2076 3725 2185 3788 pa-
