<?xml version="1.0" encoding="UTF-8"?>
<!DOCTYPE html PUBLIC "-//W3C//DTD XHTML 1.0 Transitional//EN"
    "http://www.w3.org/TR/xhtml1/DTD/xhtml1-transitional.dtd">
<html xmlns="http://www.w3.org/1999/xhtml" xml:lang="en" lang="en">
 <head>
  <title>
</title>
<meta http-equiv="Content-Type" content="text/html;charset=utf-8" />
  <meta name='ocr-system' content='tesseract 3.04.00' />
  <meta name='ocr-capabilities' content='ocr_page ocr_carea ocr_par ocr_line ocrx_word'/>
</head>
<body>
  <div class='ocr_page' id='page_1' title='image "./titiliviipatavi00livigoog_0092.png"; bbox 0 0 2400 4109; ppageno 0'>
   <div class='ocr_carea' id='block_1_1' title="bbox 173 120 1339 189">
    <p class='ocr_par' dir='ltr' id='par_1_1' title="bbox 173 120 1339 189">
     <span class='ocr_line' id='line_1_1' title="bbox 173 120 1339 189; baseline -0.005 -1"><span class='ocrx_word' id='word_1_1' title='bbox 173 120 254 189; x_wconf 73' lang='lat'><strong>72</strong></span> <span class='ocrx_word' id='word_1_2' title='bbox 735 159 747 164; x_wconf 94' lang='lat'>-</span> <span class='ocrx_word' id='word_1_3' title='bbox 1004 125 1081 183; x_wconf 83' lang='lat' dir='ltr'><strong>T.</strong></span> <span class='ocrx_word' id='word_1_4' title='bbox 1123 120 1339 183; x_wconf 76' lang='lat' dir='ltr'><strong>mvn</strong></span> 
     </span>
    </p>
   </div>
   <div class='ocr_carea' id='block_1_2' title="bbox 169 273 2175 455">
    <p class='ocr_par' dir='ltr' id='par_1_2' title="bbox 169 273 2175 455">
     <span class='ocr_line' id='line_1_2' title="bbox 169 273 2173 365; baseline 0 -17"><span class='ocrx_word' id='word_1_5' title='bbox 169 284 448 349; x_wconf 79' lang='lat' dir='ltr'><strong>Lartium</strong></span> <span class='ocrx_word' id='word_1_6' title='bbox 473 280 750 345; x_wconf 79' lang='lat' dir='ltr'><strong>consules</strong></span> <span class='ocrx_word' id='word_1_7' title='bbox 773 273 997 343; x_wconf 73' lang='lat' dir='ltr'><strong>habuit.</strong></span> <span class='ocrx_word' id='word_1_8' title='bbox 1075 284 1168 345; x_wconf 84' lang='lat' dir='ltr'><strong>Eo</strong></span> <span class='ocrx_word' id='word_1_9' title='bbox 1193 304 1351 343; x_wconf 80' lang='lat' dir='ltr'><strong>anno</strong></span> <span class='ocrx_word' id='word_1_10' title='bbox 1375 284 1601 353; x_wconf 63' lang='lat' dir='ltr'><strong>Romae,</strong></span> <span class='ocrx_word' id='word_1_11' title='bbox 1628 282 1815 364; x_wconf 80' lang='lat' dir='ltr'><strong>quum</strong></span> <span class='ocrx_word' id='word_1_12' title='bbox 1839 304 1949 365; x_wconf 82' lang='lat' dir='ltr'><strong>per</strong></span> <span class='ocrx_word' id='word_1_13' title='bbox 1994 286 2173 349; x_wconf 85' lang='lat' dir='ltr'><strong>ludos</strong></span> 
     </span>
     <span class='ocr_line' id='line_1_3' title="bbox 172 362 2175 455; baseline -0.001 -27"><span class='ocrx_word' id='word_1_14' title='bbox 172 368 248 428; x_wconf 75' lang='lat' dir='ltr'><strong>ab</strong></span> <span class='ocrx_word' id='word_1_15' title='bbox 289 362 654 455; x_wconf 46' lang='lat' dir='ltr'><strong>Sabinorum·</strong></span> <span class='ocrx_word' id='word_1_16' title='bbox 682 364 1004 443; x_wconf 80' lang='lat' dir='ltr'><strong>juventute</strong></span> <span class='ocrx_word' id='word_1_17' title='bbox 1043 382 1150 443; x_wconf 87' lang='lat' dir='ltr'><strong>per</strong></span> <span class='ocrx_word' id='word_1_18' title='bbox 1201 363 1513 425; x_wconf 82' lang='lat' dir='ltr'><strong>lasciviam</strong></span> <span class='ocrx_word' id='word_1_19' title='bbox 1560 372 1767 425; x_wconf 82' lang='lat' dir='ltr'><strong>scorta-</strong></span> <span class='ocrx_word' id='word_1_20' title='bbox 1798 373 2175 446; x_wconf 79' lang='lat' dir='ltr'><strong>raperentur,</strong></span> 
     </span>
    </p>
   </div>
   <div class='ocr_carea' id='block_1_3' title="bbox 171 439 2199 526">
    <p class='ocr_par' dir='ltr' id='par_1_3' title="bbox 171 439 2199 526">
     <span class='ocr_line' id='line_1_4' title="bbox 171 439 2199 526; baseline -0 -19"><span class='ocrx_word' id='word_1_21' title='bbox 171 464 462 507; x_wconf 73' lang='lat' dir='ltr'><strong>concursu</strong></span> <span class='ocrx_word' id='word_1_22' title='bbox 503 444 806 505; x_wconf 84' lang='lat' dir='ltr'><strong>hommum</strong></span> <span class='ocrx_word' id='word_1_23' title='bbox 858 444 986 503; x_wconf 84' lang='lat' dir='ltr'><strong>rixa</strong></span> <span class='ocrx_word' id='word_1_24' title='bbox 1012 463 1082 503; x_wconf 83' lang='lat' dir='ltr'><strong>ac</strong></span> <span class='ocrx_word' id='word_1_25' title='bbox 1123 464 1306 525; x_wconf 85' lang='lat' dir='ltr'>prope</span> <span class='ocrx_word' id='word_1_26' title='bbox 1346 439 1625 526; x_wconf 67' lang='lat' dir='ltr'><strong>proelian</strong></span> <span class='ocrx_word' id='word_1_27' title='bbox 1647 443 1805 515; x_wconf 82' lang='lat' dir='ltr'><strong>fuit3</strong></span> <span class='ocrx_word' id='word_1_28' title='bbox 1870 466 2199 525; x_wconf 83' lang='lat' dir='ltr'><strong>parvaque·</strong></span> 
     </span>
    </p>
   </div>
   <div class='ocr_carea' id='block_1_4' title="bbox 159 523 2178 844">
    <p class='ocr_par' dir='ltr' id='par_1_4' title="bbox 159 523 2178 844">
     <span class='ocr_line' id='line_1_5' title="bbox 171 523 2178 605; baseline 0.001 -21"><span class='ocrx_word' id='word_1_29' title='bbox 171 546 246 585; x_wconf 82' lang='lat' dir='ltr'><strong>ex</strong></span> <span class='ocrx_word' id='word_1_30' title='bbox 275 546 340 585; x_wconf 89' lang='lat' dir='ltr'><strong>re</strong></span> <span class='ocrx_word' id='word_1_31' title='bbox 370 524 448 584; x_wconf 87' lang='lat' dir='ltr'><strong>ad</strong></span> <span class='ocrx_word' id='word_1_32' title='bbox 489 524 873 585; x_wconf 88' lang='lat' dir='ltr'><strong>rebellionem</strong></span> <span class='ocrx_word' id='word_1_33' title='bbox 915 530 1187 603; x_wconf 86' lang='lat' dir='ltr'><strong>spectare</strong></span> <span class='ocrx_word' id='word_1_34' title='bbox 1230 545 1325 583; x_wconf 89' lang='lat' dir='ltr'><strong>res</strong></span> <span class='ocrx_word' id='word_1_35' title='bbox 1378 523 1710 584; x_wconf 83' lang='lat' dir='ltr'><strong>videbatur.</strong></span> <span class='ocrx_word' id='word_1_36' title='bbox 1793 526 1985 605; x_wconf 82' lang='lat' dir='ltr'><strong>Supra</strong></span> <span class='ocrx_word' id='word_1_37' title='bbox 2028 526 2178 587; x_wconf 88' lang='lat' dir='ltr'><strong>belli</strong></span> 
     </span>
     <span class='ocr_line' id='line_1_6' title="bbox 169 602 2175 686; baseline -0.001 -20"><span class='ocrx_word' id='word_1_38' title='bbox 169 604 378 666; x_wconf 84' lang='lat' dir='ltr'><strong>Latini</strong></span> <span class='ocrx_word' id='word_1_39' title='bbox 405 611 630 665; x_wconf 86' lang='lat' dir='ltr'><strong>metum</strong></span> <span class='ocrx_word' id='word_1_40' title='bbox 655 602 716 661; x_wconf 84' lang='lat' dir='ltr'><strong>id</strong></span> <span class='ocrx_word' id='word_1_41' title='bbox 745 624 984 683; x_wconf 87' lang='lat' dir='ltr'><strong>quoque</strong></span> <span class='ocrx_word' id='word_1_42' title='bbox 1022 610 1377 673; x_wconf 79' lang='lat' dir='ltr'><strong>accesserat,</strong></span> <span class='ocrx_word' id='word_1_43' title='bbox 1404 604 1566 685; x_wconf 85' lang='lat' dir='ltr'><strong>quod</strong></span> <span class='ocrx_word' id='word_1_44' title='bbox 1592 604 1837 686; x_wconf 83' lang='lat' dir='ltr'><strong>triginta</strong></span> <span class='ocrx_word' id='word_1_45' title='bbox 1874 606 2003 685; x_wconf 86' lang='lat' dir='ltr'><strong>jam</strong></span> <span class='ocrx_word' id='word_1_46' title='bbox 2026 625 2175 665; x_wconf 88' lang='lat' dir='ltr'><strong>con-</strong></span> 
     </span>
     <span class='ocr_line' id='line_1_7' title="bbox 159 683 2174 765; baseline 0.001 -22"><span class='ocrx_word' id='word_1_47' title='bbox 159 686 404 764; x_wconf 65' lang='lat' dir='ltr'><strong>jurasse</strong></span> <span class='ocrx_word' id='word_1_48' title='bbox 455 684 722 765; x_wconf 85' lang='lat' dir='ltr'><strong>populos,</strong></span> <span class='ocrx_word' id='word_1_49' title='bbox 775 683 1114 755; x_wconf 69' lang='lat' dir='ltr'><strong>concitante</strong></span> <span class='ocrx_word' id='word_1_50' title='bbox 1143 684 1396 745; x_wconf 87' lang='lat' dir='ltr'><strong>Octavio</strong></span> <span class='ocrx_word' id='word_1_51' title='bbox 1438 684 1731 753; x_wconf 87' lang='lat' dir='ltr'><strong>Mamilio,</strong></span> <span class='ocrx_word' id='word_1_52' title='bbox 1758 683 1905 761; x_wconf 68' lang='lat' dir='ltr'><strong>satis</strong></span> <span class='ocrx_word' id='word_1_53' title='bbox 1932 690 2174 745; x_wconf 82' lang='lat' dir='ltr'><strong>consta-</strong></span> 
     </span>
     <span class='ocr_line' id='line_1_8' title="bbox 167 764 2171 844; baseline 0 -19"><span class='ocrx_word' id='word_1_54' title='bbox 167 768 303 835; x_wconf 61' lang='lat' dir='ltr'><strong>bat,</strong></span> <span class='ocrx_word' id='word_1_55' title='bbox 369 765 445 839; x_wconf 79' lang='lat' dir='ltr'><strong>In</strong></span> <span class='ocrx_word' id='word_1_56' title='bbox 471 766 579 823; x_wconf 80' lang='lat' dir='ltr'><strong>hac</strong></span> <span class='ocrx_word' id='word_1_57' title='bbox 625 768 928 823; x_wconf 82' lang='lat' dir='ltr'><strong>tantarum</strong></span> <span class='ocrx_word' id='word_1_58' title='bbox 955 764 1401 844; x_wconf 77' lang='lat' dir='ltr'><strong>exspectatione</strong></span> <span class='ocrx_word' id='word_1_59' title='bbox 1428 786 1627 824; x_wconf 87' lang='lat' dir='ltr'><strong>rerum</strong></span> <span class='ocrx_word' id='word_1_60' title='bbox 1666 764 1924 825; x_wconf 67' lang='lat' dir='ltr'><strong>sollicita</strong></span> <span class='ocrx_word' id='word_1_61' title='bbox 1957 765 2171 825; x_wconf 86' lang='lat' dir='ltr'><strong>civita-</strong></span> 
     </span>
    </p>
   </div>
   <div class='ocr_carea' id='block_1_5' title="bbox 48 842 2175 923">
    <p class='ocr_par' dir='ltr' id='par_1_5' title="bbox 48 842 2175 923">
     <span class='ocr_line' id='line_1_9' title="bbox 48 842 2175 923; baseline 0.002 -22"><span class='ocrx_word' id='word_1_62' title='bbox 48 896 54 901; x_wconf 86' lang='lat'><strong>.</strong></span> <span class='ocrx_word' id='word_1_63' title='bbox 169 851 255 915; x_wconf 79' lang='lat' dir='ltr'><strong>te,</strong></span> <span class='ocrx_word' id='word_1_64' title='bbox 280 843 590 904; x_wconf 86' lang='lat' dir='ltr'><strong>dictatoris</strong></span> <span class='ocrx_word' id='word_1_65' title='bbox 617 842 872 922; x_wconf 76' lang='lat' dir='ltr'><strong>primum</strong></span> <span class='ocrx_word' id='word_1_66' title='bbox 901 844 1142 906; x_wconf 87' lang='lat' dir='ltr'><strong>creandi</strong></span> <span class='ocrx_word' id='word_1_67' title='bbox 1171 844 1395 905; x_wconf 87' lang='lat' dir='ltr'><strong>mentio</strong></span> <span class='ocrx_word' id='word_1_68' title='bbox 1420 852 1587 914; x_wconf 80' lang='lat' dir='ltr'><strong>orta3</strong></span> <span class='ocrx_word' id='word_1_69' title='bbox 1629 844 1735 905; x_wconf 87' lang='lat' dir='ltr'><strong>sed</strong></span> <span class='ocrx_word' id='word_1_70' title='bbox 1776 864 1889 903; x_wconf 86' lang='lat' dir='ltr'><strong>nec</strong></span> <span class='ocrx_word' id='word_1_71' title='bbox 1918 865 2037 923; x_wconf 88' lang='lat' dir='ltr'><strong>quo</strong></span> <span class='ocrx_word' id='word_1_72' title='bbox 2064 866 2175 905; x_wconf 83' lang='lat' dir='ltr'><strong>an-</strong></span> 
     </span>
    </p>
   </div>
   <div class='ocr_carea' id='block_1_6' title="bbox 169 922 2174 1095">
    <p class='ocr_par' dir='ltr' id='par_1_6' title="bbox 169 922 2174 1095">
     <span class='ocr_line' id='line_1_10' title="bbox 171 922 2173 1003; baseline 0 -18"><span class='ocrx_word' id='word_1_73' title='bbox 171 944 270 994; x_wconf 90' lang='lat' dir='ltr'><strong>no,</strong></span> <span class='ocrx_word' id='word_1_74' title='bbox 296 944 406 983; x_wconf 89' lang='lat' dir='ltr'><strong>nec</strong></span> <span class='ocrx_word' id='word_1_75' title='bbox 461 922 678 1002; x_wconf 87' lang='lat' dir='ltr'><strong>quibus</strong></span> <span class='ocrx_word' id='word_1_76' title='bbox 719 924 1092 999; x_wconf 63' lang='lat' dir='ltr'><strong>consulibus,¹</strong></span> <span class='ocrx_word' id='word_1_77' title='bbox 1109 923 1253 1003; x_wconf 86' lang='lat' dir='ltr'><strong>quia</strong></span> <span class='ocrx_word' id='word_1_78' title='bbox 1286 944 1374 985; x_wconf 81' lang='lat' dir='ltr'><strong>-ex</strong></span> <span class='ocrx_word' id='word_1_79' title='bbox 1412 924 1673 985; x_wconf 75' lang='lat' dir='ltr'><strong>factione</strong></span> <span class='ocrx_word' id='word_1_80' title='bbox 1702 924 2033 1003; x_wconf 81' lang='lat' dir='ltr'><strong>Tarquinia</strong></span> <span class='ocrx_word' id='word_1_81' title='bbox 2073 946 2173 985; x_wconf 85' lang='lat' dir='ltr'><strong>es-</strong></span> 
     </span>
     <span class='ocr_line' id='line_1_11' title="bbox 169 1002 2174 1095; baseline 0.002 -32"><span class='ocrx_word' id='word_1_82' title='bbox 169 1011 310 1063; x_wconf 88' lang='lat' dir='ltr'><strong>sent</strong></span> <span class='ocrx_word' id='word_1_83' title='bbox 363 1002 451 1095; x_wconf 89' lang='lat' dir='ltr'><strong>(id</strong></span> <span class='ocrx_word' id='word_1_84' title='bbox 513 1022 752 1083; x_wconf 88' lang='lat' dir='ltr'><strong>quoque</strong></span> <span class='ocrx_word' id='word_1_85' title='bbox 793 1003 952 1063; x_wconf 87' lang='lat' dir='ltr'><strong>enim</strong></span> <span class='ocrx_word' id='word_1_86' title='bbox 991 1004 1275 1087; x_wconf 81' lang='lat' dir='ltr'><strong>traditur)</strong></span> <span class='ocrx_word' id='word_1_87' title='bbox 1329 1024 1539 1085; x_wconf 83' lang='lat' dir='ltr'><strong>pamm</strong></span> <span class='ocrx_word' id='word_1_88' title='bbox 1582 1004 1878 1065; x_wconf 86' lang='lat' dir='ltr'><strong>creditum</strong></span> <span class='ocrx_word' id='word_1_89' title='bbox 1916 1004 2016 1073; x_wconf 83' lang='lat' dir='ltr'><strong>sit,</strong></span> <span class='ocrx_word' id='word_1_90' title='bbox 2058 1026 2174 1067; x_wconf 87' lang='lat' dir='ltr'><strong>nec</strong></span> 
     </span>
    </p>
   </div>
   <div class='ocr_carea' id='block_1_7' title="bbox 103 1082 2211 1177">
    <p class='ocr_par' dir='ltr' id='par_1_7' title="bbox 103 1082 2211 1177">
     <span class='ocr_line' id='line_1_12' title="bbox 103 1082 2211 1177; baseline 0.001 -35"><span class='ocrx_word' id='word_1_91' title='bbox 103 1106 110 1113; x_wconf 92' lang='lat'><em>·</em></span> <span class='ocrx_word' id='word_1_92' title='bbox 171 1082 308 1175; x_wconf 85' lang='lat' dir='ltr'><strong>quis</strong></span> <span class='ocrx_word' id='word_1_93' title='bbox 338 1084 595 1165; x_wconf 69' lang='lat' dir='ltr'><strong>primum</strong></span> <span class='ocrx_word' id='word_1_94' title='bbox 622 1083 880 1144; x_wconf 84' lang='lat' dir='ltr'><strong>dictator</strong></span> <span class='ocrx_word' id='word_1_95' title='bbox 907 1092 1142 1144; x_wconf 88' lang='lat' dir='ltr'><strong>creatus</strong></span> <span class='ocrx_word' id='word_1_96' title='bbox 1171 1084 1269 1153; x_wconf 86' lang='lat' dir='ltr'><strong>sit,</strong></span> <span class='ocrx_word' id='word_1_97' title='bbox 1298 1084 1445 1145; x_wconf 84' lang='lat' dir='ltr'><strong>satis</strong></span> <span class='ocrx_word' id='word_1_98' title='bbox 1471 1091 1748 1155; x_wconf 80' lang='lat' dir='ltr'><strong>constat3</strong></span> <span class='ocrx_word' id='word_1_99' title='bbox 1788 1084 1947 1177; x_wconf 80' lang='lat' dir='ltr'><strong>apud</strong></span> <span class='ocrx_word' id='word_1_100' title='bbox 1974 1092 2173 1145; x_wconf 67' lang='lat' dir='ltr'><strong>veter-</strong></span> <span class='ocrx_word' id='word_1_101' title='bbox 2196 1094 2211 1111; x_wconf 82' lang='lat'><strong>‘&#39;</strong></span> 
     </span>
    </p>
   </div>
   <div class='ocr_carea' id='block_1_8' title="bbox 165 1164 2181 3001">
    <p class='ocr_par' dir='ltr' id='par_1_8' title="bbox 165 1164 2179 1967">
     <span class='ocr_line' id='line_1_13' title="bbox 169 1164 2173 1246; baseline 0.001 -23"><span class='ocrx_word' id='word_1_102' title='bbox 169 1182 350 1225; x_wconf 79' lang='lat' dir='ltr'><strong>runos</strong></span> <span class='ocrx_word' id='word_1_103' title='bbox 377 1169 574 1224; x_wconf 85' lang='lat' dir='ltr'><strong>tamen</strong></span> <span class='ocrx_word' id='word_1_104' title='bbox 620 1170 894 1224; x_wconf 83' lang='lat' dir='ltr'><strong>auctores</strong></span> <span class='ocrx_word' id='word_1_105' title='bbox 935 1164 1012 1222; x_wconf 87' lang='lat' dir='ltr'><strong>T.</strong></span> <span class='ocrx_word' id='word_1_106' title='bbox 1053 1165 1329 1225; x_wconf 84' lang='lat' dir='ltr'><strong>Lartium</strong></span> <span class='ocrx_word' id='word_1_107' title='bbox 1368 1164 1733 1225; x_wconf 83' lang='lat' dir='ltr'><strong>dictatorem.</strong></span> <span class='ocrx_word' id='word_1_108' title='bbox 1764 1184 2039 1246; x_wconf 77' lang='lat' dir='ltr'><strong>primum,</strong></span> <span class='ocrx_word' id='word_1_109' title='bbox 2068 1166 2173 1246; x_wconf 83' lang='lat' dir='ltr'><strong>Sp.</strong></span> 
     </span>
     <span class='ocr_line' id='line_1_14' title="bbox 173 1242 2173 1328; baseline 0.001 -25"><span class='ocrx_word' id='word_1_110' title='bbox 173 1243 451 1303; x_wconf 87' lang='lat' dir='ltr'><strong>Cassium</strong></span> <span class='ocrx_word' id='word_1_111' title='bbox 479 1242 825 1328; x_wconf 82' lang='lat' dir='ltr'><strong>magistrum</strong></span> <span class='ocrx_word' id='word_1_112' title='bbox 853 1243 1142 1323; x_wconf 86' lang='lat' dir='ltr'><strong>equitum,</strong></span> <span class='ocrx_word' id='word_1_113' title='bbox 1183 1252 1420 1305; x_wconf 85' lang='lat' dir='ltr'><strong>creatos</strong></span> <span class='ocrx_word' id='word_1_114' title='bbox 1471 1245 1728 1306; x_wconf 87' lang='lat' dir='ltr'><strong>invenio.</strong></span> <span class='ocrx_word' id='word_1_115' title='bbox 1810 1245 2173 1305; x_wconf 75' lang='lat' dir='ltr'><strong>Consulares</strong></span> 
     </span>
     <span class='ocr_line' id='line_1_15' title="bbox 169 1322 2173 1405; baseline 0.002 -24"><span class='ocrx_word' id='word_1_116' title='bbox 169 1322 372 1405; x_wconf 70' lang='lat' dir='ltr'><strong>legere</strong></span> <span class='ocrx_word' id='word_1_117' title='bbox 396 1344 415 1395; x_wconf 80' lang='lat'>3</span> <span class='ocrx_word' id='word_1_118' title='bbox 455 1324 541 1383; x_wconf 78' lang='lat' dir='ltr'><strong>ita</strong></span> <span class='ocrx_word' id='word_1_119' title='bbox 567 1324 666 1383; x_wconf 82' lang='lat' dir='ltr'><strong>lex</strong></span> <span class='ocrx_word' id='word_1_120' title='bbox 703 1325 968 1403; x_wconf 83' lang='lat' dir='ltr'><strong>jubebat,</strong></span> <span class='ocrx_word' id='word_1_121' title='bbox 997 1324 1072 1383; x_wconf 89' lang='lat' dir='ltr'><strong>de</strong></span> <span class='ocrx_word' id='word_1_122' title='bbox 1099 1323 1391 1385; x_wconf 83' lang='lat' dir='ltr'><strong>dictatore</strong></span> <span class='ocrx_word' id='word_1_123' title='bbox 1420 1324 1679 1384; x_wconf 87' lang='lat' dir='ltr'><strong>creando</strong></span> <span class='ocrx_word' id='word_1_124' title='bbox 1705 1325 1847 1385; x_wconf 87' lang='lat' dir='ltr'><strong>lata.</strong></span> <span class='ocrx_word' id='word_1_125' title='bbox 1927 1326 2017 1385; x_wconf 72' lang='grc' dir='ltr'><strong>Εδ</strong></span> <span class='ocrx_word' id='word_1_126' title='bbox 2044 1346 2173 1385; x_wconf 87' lang='lat' dir='ltr'><strong>ma-</strong></span> 
     </span>
     <span class='ocr_line' id='line_1_16' title="bbox 169 1402 2179 1541; baseline 0.001 -78"><span class='ocrx_word' id='word_1_127' title='bbox 169 1403 264 1485; x_wconf 83' lang='lat' dir='ltr'><strong>gis</strong></span> <span class='ocrx_word' id='word_1_128' title='bbox 291 1404 576 1541; x_wconf 48' lang='lat' dir='ltr'><strong>adducqr,</strong></span> <span class='ocrx_word' id='word_1_129' title='bbox 593 1408 674 1462; x_wconf 75' lang='lat' dir='ltr'><strong>‘ut</strong></span> <span class='ocrx_word' id='word_1_130' title='bbox 694 1403 954 1473; x_wconf 87' lang='lat' dir='ltr'><strong>credam,</strong></span> <span class='ocrx_word' id='word_1_131' title='bbox 977 1404 1269 1473; x_wconf 82' lang='lat' dir='ltr'><strong>Lartium,</strong></span> <span class='ocrx_word' id='word_1_132' title='bbox 1296 1404 1399 1483; x_wconf 90' lang='lat' dir='ltr'><strong>qui</strong></span> <span class='ocrx_word' id='word_1_133' title='bbox 1428 1402 1755 1475; x_wconf 84' lang='lat' dir='ltr'><strong>consularis</strong></span> <span class='ocrx_word' id='word_1_134' title='bbox 1784 1411 1929 1487; x_wconf 78' lang='lat' dir='ltr'><strong>erat,</strong></span> <span class='ocrx_word' id='word_1_135' title='bbox 1950 1406 2179 1499; x_wconf 73' lang='lat' dir='ltr'><strong>potius,</strong></span> 
     </span>
     <span class='ocr_line' id='line_1_17' title="bbox 173 1482 2175 1565; baseline 0.001 -22"><span class='ocrx_word' id='word_1_136' title='bbox 173 1504 357 1563; x_wconf 61' lang='lat' dir='ltr'><strong>quam</strong></span> <span class='ocrx_word' id='word_1_137' title='bbox 387 1485 513 1545; x_wconf 92' lang='grc' dir='ltr'><strong>Μ.</strong></span> <span class='ocrx_word' id='word_1_138' title='bbox 561 1482 828 1554; x_wconf 87' lang='lat' dir='ltr'><strong>alerium,</strong></span> <span class='ocrx_word' id='word_1_139' title='bbox 878 1483 966 1543; x_wconf 90' lang='lat' dir='ltr'><strong>M.</strong></span> <span class='ocrx_word' id='word_1_140' title='bbox 1007 1483 1217 1555; x_wconf 87' lang='lat' dir='ltr'><strong>filium,</strong></span> <span class='ocrx_word' id='word_1_141' title='bbox 1263 1482 1472 1546; x_wconf 87' lang='lat' dir='ltr'><strong>Volesi</strong></span> <span class='ocrx_word' id='word_1_142' title='bbox 1530 1490 1828 1565; x_wconf 86' lang='lat' dir='ltr'><strong>nepotem,</strong></span> <span class='ocrx_word' id='word_1_143' title='bbox 1876 1504 1981 1565; x_wconf 78' lang='lat' dir='ltr'><strong>qul</strong></span> <span class='ocrx_word' id='word_1_144' title='bbox 2021 1506 2175 1545; x_wconf 89' lang='lat' dir='ltr'><strong>non-</strong></span> 
     </span>
     <span class='ocr_line' id='line_1_18' title="bbox 173 1564 2178 1645; baseline 0.002 -22"><span class='ocrx_word' id='word_1_145' title='bbox 173 1564 317 1623; x_wconf 88' lang='lat' dir='ltr'><strong>dum</strong></span> <span class='ocrx_word' id='word_1_146' title='bbox 346 1565 554 1643; x_wconf 82' lang='lat' dir='ltr'><strong>consul</strong></span> <span class='ocrx_word' id='word_1_147' title='bbox 593 1564 812 1635; x_wconf 82' lang='lat' dir='ltr'><strong>fuerat,</strong></span> <span class='ocrx_word' id='word_1_148' title='bbox 851 1564 1285 1625; x_wconf 82' lang='lat' dir='ltr'><strong>moderatorem</strong></span> <span class='ocrx_word' id='word_1_149' title='bbox 1326 1570 1389 1623; x_wconf 90' lang='lat' dir='ltr'><strong>et</strong></span> <span class='ocrx_word' id='word_1_150' title='bbox 1428 1564 1779 1645; x_wconf 87' lang='lat' dir='ltr'><strong>magistrum</strong></span> <span class='ocrx_word' id='word_1_151' title='bbox 1832 1565 2178 1627; x_wconf 83' lang='lat' dir='ltr'><strong>consulibus</strong></span> 
     </span>
     <span class='ocr_line' id='line_1_19' title="bbox 173 1643 2179 1726; baseline 0.002 -23"><span class='ocrx_word' id='word_1_152' title='bbox 173 1664 250 1725; x_wconf 85' lang='lat' dir='ltr'><strong>ap</strong></span> <span class='ocrx_word' id='word_1_153' title='bbox 329 1646 545 1723; x_wconf 76' lang='lat' dir='ltr'><strong>situm3</strong></span> <span class='ocrx_word' id='word_1_154' title='bbox 611 1644 734 1723; x_wconf 91' lang='lat' dir='ltr'><strong>qui,</strong></span> <span class='ocrx_word' id='word_1_155' title='bbox 776 1645 828 1704; x_wconf 89' lang='lat' dir='ltr'><strong>si</strong></span> <span class='ocrx_word' id='word_1_156' title='bbox 867 1644 1122 1705; x_wconf 81' lang='lat' dir='ltr'><strong>maxime</strong></span> <span class='ocrx_word' id='word_1_157' title='bbox 1163 1665 1239 1705; x_wconf 86' lang='lat' dir='ltr'><strong>ex</strong></span> <span class='ocrx_word' id='word_1_158' title='bbox 1279 1666 1351 1705; x_wconf 86' lang='lat' dir='ltr'><strong>ea</strong></span> <span class='ocrx_word' id='word_1_159' title='bbox 1402 1644 1627 1705; x_wconf 85' lang='lat' dir='ltr'><strong>familia</strong></span> <span class='ocrx_word' id='word_1_160' title='bbox 1666 1644 1785 1726; x_wconf 84' lang='lat' dir='ltr'><strong>legi</strong></span> <span class='ocrx_word' id='word_1_161' title='bbox 1824 1643 2179 1708; x_wconf 88' lang='lat' dir='ltr'><strong>dictatorem</strong></span> 
     </span>
     <span class='ocr_line' id='line_1_20' title="bbox 174 1722 2177 1805; baseline 0.001 -22"><span class='ocrx_word' id='word_1_162' title='bbox 174 1744 248 1785; x_wconf 84' lang='lat' dir='ltr'><strong>ve</strong></span> <span class='ocrx_word' id='word_1_163' title='bbox 275 1724 422 1794; x_wconf 89' lang='lat' dir='ltr'><strong>lent,</strong></span> <span class='ocrx_word' id='word_1_164' title='bbox 451 1732 678 1804; x_wconf 90' lang='lat' dir='ltr'><strong>patrem</strong></span> <span class='ocrx_word' id='word_1_165' title='bbox 707 1722 1126 1805; x_wconf 20' lang='lat' dir='ltr'><strong>multo-potitis</strong></span> <span class='ocrx_word' id='word_1_166' title='bbox 1155 1726 1248 1785; x_wconf 91' lang='lat' dir='ltr'><strong>M.</strong></span> <span class='ocrx_word' id='word_1_167' title='bbox 1289 1724 1619 1795; x_wconf 86' lang='lat' dir='ltr'><strong>Valerium,</strong></span> <span class='ocrx_word' id='word_1_168' title='bbox 1672 1730 1955 1805; x_wconf 83' lang='lat' dir='ltr'><strong>spectatae</strong></span> <span class='ocrx_word' id='word_1_169' title='bbox 1985 1725 2177 1785; x_wconf 85' lang='lat' dir='ltr'><strong>virtu-</strong></span> 
     </span>
     <span class='ocr_line' id='line_1_21' title="bbox 173 1800 2177 1886; baseline 0.001 -23"><span class='ocrx_word' id='word_1_170' title='bbox 173 1803 253 1863; x_wconf 82' lang='lat' dir='ltr'><strong>tis</strong></span> <span class='ocrx_word' id='word_1_171' title='bbox 281 1811 344 1864; x_wconf 89' lang='lat' dir='ltr'><strong>et</strong></span> <span class='ocrx_word' id='word_1_172' title='bbox 391 1805 764 1878; x_wconf 81' lang='lat' dir='ltr'><strong>consularem</strong></span> <span class='ocrx_word' id='word_1_173' title='bbox 806 1800 1018 1874; x_wconf 76' lang='lat' dir='ltr'><strong>virum,</strong></span> <span class='ocrx_word' id='word_1_174' title='bbox 1069 1806 1128 1865; x_wconf 89' lang='lat' dir='ltr'><strong>le</strong></span> <span class='ocrx_word' id='word_1_175' title='bbox 1169 1804 1375 1865; x_wconf 88' lang='lat' dir='ltr'><strong>issent.</strong></span> <span class='ocrx_word' id='word_1_176' title='bbox 1430 1806 1679 1869; x_wconf 79' lang='lat' dir='ltr'><strong>,Creato</strong></span> <span class='ocrx_word' id='word_1_177' title='bbox 1718 1805 2011 1865; x_wconf 82' lang='lat' dir='ltr'><strong>dictatore</strong></span> <span class='ocrx_word' id='word_1_178' title='bbox 2050 1805 2177 1886; x_wconf 89' lang='lat' dir='ltr'><strong>pri-</strong></span> 
     </span>
     <span class='ocr_line' id='line_1_22' title="bbox 165 1882 2179 1967; baseline 0.002 -24"><span class='ocrx_word' id='word_1_179' title='bbox 165 1884 337 1943; x_wconf 72' lang='lat' dir='ltr'><strong>mum</strong></span> <span class='ocrx_word' id='word_1_180' title='bbox 362 1884 608 1951; x_wconf 77' lang='lat' dir='ltr'><strong>Romae,</strong></span> <span class='ocrx_word' id='word_1_181' title='bbox 633 1882 950 1965; x_wconf 83' lang='lat' dir='ltr'><strong>postquam</strong></span> <span class='ocrx_word' id='word_1_182' title='bbox 989 1906 1112 1965; x_wconf 83' lang='lat' dir='ltr'><strong>prae</strong></span> <span class='ocrx_word' id='word_1_183' title='bbox 1144 1883 1263 1945; x_wconf 84' lang='lat' dir='ltr'><strong>erri</strong></span> <span class='ocrx_word' id='word_1_184' title='bbox 1303 1904 1544 1943; x_wconf 88' lang='lat' dir='ltr'><strong>secures</strong></span> <span class='ocrx_word' id='word_1_185' title='bbox 1584 1884 1886 1955; x_wconf 78' lang='lat' dir='ltr'><strong>viderunt,</strong></span> <span class='ocrx_word' id='word_1_186' title='bbox 1926 1904 2179 1967; x_wconf 82' lang='lat' dir='ltr'><strong>magnus</strong></span> 
     </span>
    </p>

    <p class='ocr_par' dir='ltr' id='par_1_9' title="bbox 167 1962 2181 3001">
     <span class='ocr_line' id='line_1_23' title="bbox 216 1962 2177 2044; baseline 0.001 -22"><span class='ocrx_word' id='word_1_187' title='bbox 216 1963 407 2023; x_wconf 83' lang='lat' dir='ltr'><strong>lehem</strong></span> <span class='ocrx_word' id='word_1_188' title='bbox 434 1969 628 2023; x_wconf 90' lang='lat' dir='ltr'><strong>metus</strong></span> <span class='ocrx_word' id='word_1_189' title='bbox 655 1962 922 2034; x_wconf 68' lang='lat' dir='ltr'><strong>incessit,</strong></span> <span class='ocrx_word' id='word_1_190' title='bbox 949 1972 1018 2024; x_wconf 86' lang='lat' dir='ltr'><strong>ut</strong></span> <span class='ocrx_word' id='word_1_191' title='bbox 1057 1964 1407 2025; x_wconf 83' lang='lat' dir='ltr'><strong>intentiores</strong></span> <span class='ocrx_word' id='word_1_192' title='bbox 1436 1966 1641 2023; x_wconf 81' lang='lat' dir='ltr'><strong>essent</strong></span> <span class='ocrx_word' id='word_1_193' title='bbox 1666 1964 1743 2024; x_wconf 90' lang='lat' dir='ltr'><strong>ad</strong></span> <span class='ocrx_word' id='word_1_194' title='bbox 1771 1964 1933 2023; x_wconf 87' lang='lat' dir='ltr'><strong>dicto</strong></span> <span class='ocrx_word' id='word_1_195' title='bbox 1962 1984 2177 2044; x_wconf 86' lang='lat' dir='ltr'><strong>paren-</strong></span> 
     </span>
     <span class='ocr_line' id='line_1_24' title="bbox 173 1984 2178 2125; baseline 0.001 -22"><span class='ocrx_word' id='word_1_196' title='bbox 173 1984 356 2103; x_wconf 57' lang='lat' dir='ltr'><strong>gumz</strong></span> <span class='ocrx_word' id='word_1_197' title='bbox 397 2063 594 2123; x_wconf 90' lang='lat' dir='ltr'><strong>neque</strong></span> <span class='ocrx_word' id='word_1_198' title='bbox 637 2043 814 2113; x_wconf 89' lang='lat' dir='ltr'><strong>enim,</strong></span> <span class='ocrx_word' id='word_1_199' title='bbox 855 2050 924 2105; x_wconf 88' lang='lat' dir='ltr'><strong>ut</strong></span> <span class='ocrx_word' id='word_1_200' title='bbox 963 2045 1027 2104; x_wconf 90' lang='lat' dir='ltr'><strong>in</strong></span> <span class='ocrx_word' id='word_1_201' title='bbox 1069 2043 1428 2113; x_wconf 80' lang='lat' dir='ltr'><strong>consulibuS,</strong></span> <span class='ocrx_word' id='word_1_202' title='bbox 1457 2043 1563 2124; x_wconf 86' lang='lat' dir='ltr'><strong>qui</strong></span> <span class='ocrx_word' id='word_1_203' title='bbox 1602 2044 1731 2125; x_wconf 85' lang='lat' dir='ltr'><strong>pari</strong></span> <span class='ocrx_word' id='word_1_204' title='bbox 1758 2050 2053 2125; x_wconf 87' lang='lat' dir='ltr'><strong>potestate</strong></span> <span class='ocrx_word' id='word_1_205' title='bbox 2081 2064 2178 2105; x_wconf 86' lang='lat' dir='ltr'><strong>es-</strong></span> 
     </span>
     <span class='ocr_line' id='line_1_25' title="bbox 173 2123 2181 2206; baseline 0.001 -24"><span class='ocrx_word' id='word_1_206' title='bbox 173 2132 328 2195; x_wconf 83' lang='lat' dir='ltr'><strong>sent,</strong></span> <span class='ocrx_word' id='word_1_207' title='bbox 355 2124 600 2185; x_wconf 84' lang='lat' dir='ltr'><strong>alterius</strong></span> <span class='ocrx_word' id='word_1_208' title='bbox 627 2123 931 2195; x_wconf 77' lang='lat' dir='ltr'><strong>auxilium,</strong></span> <span class='ocrx_word' id='word_1_209' title='bbox 958 2145 1156 2205; x_wconf 85' lang='lat' dir='ltr'><strong>neque</strong></span> <span class='ocrx_word' id='word_1_210' title='bbox 1181 2124 1523 2206; x_wconf 85' lang='lat' dir='ltr'><strong>provocatio</strong></span> <span class='ocrx_word' id='word_1_211' title='bbox 1551 2132 1681 2185; x_wconf 86' lang='lat' dir='ltr'><strong>erat</strong></span> <span class='ocrx_word' id='word_1_212' title='bbox 1704 2144 1723 2195; x_wconf 90' lang='lat'>;</span> <span class='ocrx_word' id='word_1_213' title='bbox 1762 2126 1957 2203; x_wconf 85' lang='lat' dir='ltr'><strong>neque</strong></span> <span class='ocrx_word' id='word_1_214' title='bbox 1983 2124 2181 2185; x_wconf 85' lang='lat' dir='ltr'><strong>ullum</strong></span> 
     </span>
     <span class='ocr_line' id='line_1_26' title="bbox 167 2203 2174 2284; baseline 0.001 -21"><span class='ocrx_word' id='word_1_215' title='bbox 167 2216 447 2284; x_wconf 84' lang='lat' dir='ltr'><strong>usquam,</strong></span> <span class='ocrx_word' id='word_1_216' title='bbox 477 2204 592 2264; x_wconf 88' lang='lat' dir='ltr'><strong>nisi</strong></span> <span class='ocrx_word' id='word_1_217' title='bbox 616 2203 681 2265; x_wconf 87' lang='lat' dir='ltr'><strong>in</strong></span> <span class='ocrx_word' id='word_1_218' title='bbox 710 2226 854 2265; x_wconf 86' lang='lat' dir='ltr'><strong>cura</strong></span> <span class='ocrx_word' id='word_1_219' title='bbox 921 2205 1150 2275; x_wconf 86' lang='lat' dir='ltr'><strong>arendi,</strong></span> <span class='ocrx_word' id='word_1_220' title='bbox 1177 2205 1483 2265; x_wconf 82' lang='lat' dir='ltr'><strong>auxilium.</strong></span> <span class='ocrx_word' id='word_1_221' title='bbox 1566 2203 1799 2265; x_wconf 86' lang='lat' dir='ltr'><strong>Sabinis</strong></span> <span class='ocrx_word' id='word_1_222' title='bbox 1826 2204 2009 2265; x_wconf 85' lang='lat' dir='ltr'><strong>etiam</strong></span> <span class='ocrx_word' id='word_1_223' title='bbox 2041 2224 2174 2265; x_wconf 83' lang='lat' dir='ltr'><strong>cre-</strong></span> 
     </span>
     <span class='ocr_line' id='line_1_27' title="bbox 175 2227 2179 2366; baseline 0 -22"><span class='ocrx_word' id='word_1_224' title='bbox 175 2291 310 2345; x_wconf 87' lang='lat' dir='ltr'><strong>atus</strong></span> <span class='ocrx_word' id='word_1_225' title='bbox 335 2287 544 2345; x_wconf 87' lang='lat' dir='ltr'><strong>Romae</strong></span> <span class='ocrx_word' id='word_1_226' title='bbox 575 2283 833 2345; x_wconf 85' lang='lat' dir='ltr'><strong>dictator</strong></span> <span class='ocrx_word' id='word_1_227' title='bbox 861 2227 958 2365; x_wconf 58' lang='grc' dir='ltr'><strong>(ξὸ</strong></span> <span class='ocrx_word' id='word_1_228' title='bbox 983 2284 1172 2365; x_wconf 84' lang='lat' dir='ltr'><strong>magis</strong></span> <span class='ocrx_word' id='word_1_229' title='bbox 1198 2286 1360 2364; x_wconf 71' lang='lat' dir='ltr'><strong>quod</strong></span> <span class='ocrx_word' id='word_1_230' title='bbox 1389 2291 1629 2366; x_wconf 88' lang='lat' dir='ltr'><strong>propter</strong></span> <span class='ocrx_word' id='word_1_231' title='bbox 1656 2306 1720 2345; x_wconf 89' lang='lat' dir='ltr'><strong>se</strong></span> <span class='ocrx_word' id='word_1_232' title='bbox 1750 2290 2016 2345; x_wconf 83' lang='lat' dir='ltr'><strong>creatum</strong></span> <span class='ocrx_word' id='word_1_233' title='bbox 2044 2304 2179 2345; x_wconf 86' lang='lat' dir='ltr'><strong>cre-</strong></span> 
     </span>
     <span class='ocr_line' id='line_1_28' title="bbox 173 2360 2181 2446; baseline 0 -23"><span class='ocrx_word' id='word_1_234' title='bbox 173 2364 474 2445; x_wconf 83' lang='lat' dir='ltr'><strong>diderant)</strong></span> <span class='ocrx_word' id='word_1_235' title='bbox 519 2372 742 2423; x_wconf 88' lang='lat' dir='ltr'><strong>metum</strong></span> <span class='ocrx_word' id='word_1_236' title='bbox 783 2363 1076 2435; x_wconf 82' lang='lat' dir='ltr'><strong>incussit3</strong></span> <span class='ocrx_word' id='word_1_237' title='bbox 1115 2364 1323 2444; x_wconf 84' lang='lat' dir='ltr'><strong>itaque</strong></span> <span class='ocrx_word' id='word_1_238' title='bbox 1348 2366 1573 2446; x_wconf 80' lang='lat' dir='ltr'><strong>legatos</strong></span> <span class='ocrx_word' id='word_1_239' title='bbox 1600 2366 1679 2427; x_wconf 91' lang='lat' dir='ltr'><strong>de</strong></span> <span class='ocrx_word' id='word_1_240' title='bbox 1704 2385 1851 2446; x_wconf 89' lang='lat' dir='ltr'><strong>pace</strong></span> <span class='ocrx_word' id='word_1_241' title='bbox 1890 2360 2181 2437; x_wconf 81' lang='lat' dir='ltr'><strong>mittunt3</strong></span> 
     </span>
     <span class='ocr_line' id='line_1_29' title="bbox 174 2442 2181 2525; baseline 0 -22"><span class='ocrx_word' id='word_1_242' title='bbox 174 2443 406 2523; x_wconf 77' lang='lat' dir='ltr'><strong>quibuS,</strong></span> <span class='ocrx_word' id='word_1_243' title='bbox 433 2444 735 2503; x_wconf 84' lang='lat' dir='ltr'><strong>orantibus</strong></span> <span class='ocrx_word' id='word_1_244' title='bbox 764 2444 1116 2506; x_wconf 77' lang='lat' dir='ltr'><strong>dictatorem</strong></span> <span class='ocrx_word' id='word_1_245' title='bbox 1145 2450 1559 2525; x_wconf 83' lang='lat' dir='ltr'><strong>senatumque,</strong></span> <span class='ocrx_word' id='word_1_246' title='bbox 1586 2452 1655 2505; x_wconf 89' lang='lat' dir='ltr'><strong>ut</strong></span> <span class='ocrx_word' id='word_1_247' title='bbox 1700 2445 1935 2507; x_wconf 84' lang='lat' dir='ltr'><strong>veniam</strong></span> <span class='ocrx_word' id='word_1_248' title='bbox 1960 2442 2181 2504; x_wconf 83' lang='lat' dir='ltr'><strong>erroris</strong></span> 
     </span>
     <span class='ocr_line' id='line_1_30' title="bbox 172 2520 2177 2607; baseline 0 -24"><span class='ocrx_word' id='word_1_249' title='bbox 172 2520 505 2597; x_wconf 70' lang='lat' dir='ltr'><strong>hominibus</strong></span> <span class='ocrx_word' id='word_1_250' title='bbox 534 2522 1016 2583; x_wconf 82' lang='lat' dir='ltr'><strong>adolescentibus</strong></span> <span class='ocrx_word' id='word_1_251' title='bbox 1043 2524 1276 2594; x_wconf 87' lang='lat' dir='ltr'><strong>darent,</strong></span> <span class='ocrx_word' id='word_1_252' title='bbox 1298 2545 1647 2607; x_wconf 86' lang='lat' dir='ltr'><strong>responsum</strong></span> <span class='ocrx_word' id='word_1_253' title='bbox 1671 2546 1689 2594; x_wconf 90' lang='lat'>;</span> <span class='ocrx_word' id='word_1_254' title='bbox 1730 2522 2005 2606; x_wconf 85' lang='lat' dir='ltr'><strong>“ignosci</strong></span> <span class='ocrx_word' id='word_1_255' title='bbox 2032 2524 2177 2583; x_wconf 85' lang='lat' dir='ltr'><strong>ado-</strong></span> 
     </span>
     <span class='ocr_line' id='line_1_31' title="bbox 172 2602 2177 2695; baseline 0 -33"><span class='ocrx_word' id='word_1_256' title='bbox 172 2602 538 2663; x_wconf 84' lang='lat' dir='ltr'><strong>lescentibus</strong></span> <span class='ocrx_word' id='word_1_257' title='bbox 565 2622 758 2682; x_wconf 86' lang='lat' dir='ltr'><strong>posse,</strong></span> <span class='ocrx_word' id='word_1_258' title='bbox 782 2603 1028 2663; x_wconf 84' lang='lat' dir='ltr'><strong>senibus</strong></span> <span class='ocrx_word' id='word_1_259' title='bbox 1056 2624 1174 2665; x_wconf 87' lang='lat' dir='ltr'><strong>non</strong></span> <span class='ocrx_word' id='word_1_260' title='bbox 1201 2624 1394 2684; x_wconf 89' lang='lat' dir='ltr'><strong>posse,</strong></span> <span class='ocrx_word' id='word_1_261' title='bbox 1422 2604 1528 2695; x_wconf 88' lang='lat' dir='ltr'><strong>qui</strong></span> <span class='ocrx_word' id='word_1_262' title='bbox 1580 2604 1739 2664; x_wconf 85' lang='lat' dir='ltr'><strong>bella</strong></span> <span class='ocrx_word' id='word_1_263' title='bbox 1764 2624 1837 2663; x_wconf 87' lang='lat' dir='ltr'><strong>ex</strong></span> <span class='ocrx_word' id='word_1_264' title='bbox 1879 2602 2052 2663; x_wconf 86' lang='lat' dir='ltr'><strong>bellis</strong></span> <span class='ocrx_word' id='word_1_265' title='bbox 2081 2623 2177 2663; x_wconf 90' lang='lat' dir='ltr'><strong>se-</strong></span> 
     </span>
     <span class='ocr_line' id='line_1_32' title="bbox 173 2682 2181 2764; baseline 0.001 -23"><span class='ocrx_word' id='word_1_266' title='bbox 173 2688 376 2743; x_wconf 89' lang='lat' dir='ltr'><strong>rerent</strong></span> <span class='ocrx_word' id='word_1_267' title='bbox 395 2683 457 2753; x_wconf 87' lang='lat'><strong>;”</strong></span> <span class='ocrx_word' id='word_1_268' title='bbox 499 2687 703 2741; x_wconf 83' lang='lat' dir='ltr'><strong>actum</strong></span> <span class='ocrx_word' id='word_1_269' title='bbox 741 2688 942 2742; x_wconf 88' lang='lat' dir='ltr'><strong>tamen</strong></span> <span class='ocrx_word' id='word_1_270' title='bbox 971 2690 1066 2743; x_wconf 89' lang='lat' dir='ltr'><strong>est</strong></span> <span class='ocrx_word' id='word_1_271' title='bbox 1087 2684 1166 2743; x_wconf 89' lang='lat' dir='ltr'><strong>de</strong></span> <span class='ocrx_word' id='word_1_272' title='bbox 1214 2704 1361 2763; x_wconf 84' lang='lat' dir='ltr'><strong>pace</strong></span> <span class='ocrx_word' id='word_1_273' title='bbox 1386 2704 1403 2753; x_wconf 90' lang='lat'>;</span> <span class='ocrx_word' id='word_1_274' title='bbox 1443 2689 1877 2764; x_wconf 77' lang='lat' dir='ltr'><strong>lmpetrataque</strong></span> <span class='ocrx_word' id='word_1_275' title='bbox 1901 2682 2078 2753; x_wconf 85' lang='lat' dir='ltr'><strong>foret,</strong></span> <span class='ocrx_word' id='word_1_276' title='bbox 2107 2683 2181 2754; x_wconf 90' lang='lat' dir='ltr'><strong>si,</strong></span> 
     </span>
     <span class='ocr_line' id='line_1_33' title="bbox 175 2760 2181 2843; baseline 0 -20"><span class='ocrx_word' id='word_1_277' title='bbox 175 2764 335 2842; x_wconf 91' lang='lat' dir='ltr'><strong>quod</strong></span> <span class='ocrx_word' id='word_1_278' title='bbox 377 2762 663 2842; x_wconf 75' lang='lat' dir='ltr'><strong>impensae</strong></span> <span class='ocrx_word' id='word_1_279' title='bbox 721 2761 946 2823; x_wconf 62' lang='lat' dir='ltr'><strong>factum</strong></span> <span class='ocrx_word' id='word_1_280' title='bbox 986 2762 1050 2821; x_wconf 90' lang='lat' dir='ltr'><strong>in</strong></span> <span class='ocrx_word' id='word_1_281' title='bbox 1089 2763 1314 2823; x_wconf 87' lang='lat' dir='ltr'><strong>bellum</strong></span> <span class='ocrx_word' id='word_1_282' title='bbox 1356 2771 1504 2832; x_wconf 89' lang='lat' dir='ltr'><strong>erat,</strong></span> <span class='ocrx_word' id='word_1_283' title='bbox 1532 2768 1813 2843; x_wconf 82' lang='lat' dir='ltr'><strong>praestare</strong></span> <span class='ocrx_word' id='word_1_284' title='bbox 1842 2760 2045 2819; x_wconf 87' lang='lat' dir='ltr'><strong>Sabini</strong></span> <span class='ocrx_word' id='word_1_285' title='bbox 2090 2762 2181 2843; x_wconf 87' lang='lat' dir='ltr'><strong>(id</strong></span> 
     </span>
     <span class='ocr_line' id='line_1_34' title="bbox 174 2838 2178 2924; baseline 0 -21"><span class='ocrx_word' id='word_1_286' title='bbox 174 2843 334 2905; x_wconf 89' lang='lat' dir='ltr'><strong>enim</strong></span> <span class='ocrx_word' id='word_1_287' title='bbox 361 2838 724 2924; x_wconf 84' lang='lat' dir='ltr'><strong>postulatum</strong></span> <span class='ocrx_word' id='word_1_288' title='bbox 753 2844 902 2913; x_wconf 65' lang='lat' dir='ltr'><strong>erat)</strong></span> <span class='ocrx_word' id='word_1_289' title='bbox 946 2842 1010 2901; x_wconf 89' lang='lat' dir='ltr'><strong>in</strong></span> <span class='ocrx_word' id='word_1_290' title='bbox 1035 2843 1295 2905; x_wconf 87' lang='lat' dir='ltr'><strong>animum</strong></span> <span class='ocrx_word' id='word_1_291' title='bbox 1322 2842 1743 2923; x_wconf 67' lang='lat' dir='ltr'><strong>induxissent.</strong></span> <span class='ocrx_word' id='word_1_292' title='bbox 1802 2840 2045 2901; x_wconf 90' lang='lat' dir='ltr'><strong>Bellum</strong></span> <span class='ocrx_word' id='word_1_293' title='bbox 2084 2842 2178 2917; x_wconf 60' lang='lat' dir='ltr'><strong>inf</strong></span> 
     </span>
     <span class='ocr_line' id='line_1_35' title="bbox 173 2921 1882 3001; baseline -0.002 -18"><span class='ocrx_word' id='word_1_294' title='bbox 173 2922 402 2983; x_wconf 88' lang='lat' dir='ltr'><strong>dictum</strong></span> <span class='ocrx_word' id='word_1_295' title='bbox 426 2944 443 2994; x_wconf 86' lang='lat'>3</span> <span class='ocrx_word' id='word_1_296' title='bbox 484 2921 687 2983; x_wconf 84' lang='lat' dir='ltr'><strong>tacitae</strong></span> <span class='ocrx_word' id='word_1_297' title='bbox 711 2922 968 2983; x_wconf 84' lang='lat' dir='ltr'><strong>induciae</strong></span> <span class='ocrx_word' id='word_1_298' title='bbox 997 2924 1266 3001; x_wconf 89' lang='lat' dir='ltr'><strong>quietum</strong></span> <span class='ocrx_word' id='word_1_299' title='bbox 1293 2944 1515 2984; x_wconf 89' lang='lat' dir='ltr'><strong>annum</strong></span> <span class='ocrx_word' id='word_1_300' title='bbox 1539 2929 1805 2983; x_wconf 88' lang='lat' dir='ltr'><strong>tenuere.</strong></span> <span class='ocrx_word' id='word_1_301' title='bbox 1876 2962 1882 2969; x_wconf 86' lang='lat'><em>-</em></span> 
     </span>
    </p>
   </div>
   <div class='ocr_carea' id='block_1_9' title="bbox 254 2956 2200 3097">
    <p class='ocr_par' dir='ltr' id='par_1_10' title="bbox 254 2956 2200 3097">
     <span class='ocr_line' id='line_1_36' title="bbox 254 2956 2200 3097; baseline -0.002 -32"><span class='ocrx_word' id='word_1_302' title='bbox 254 3004 423 3065; x_wconf 90' lang='lat' dir='ltr'><strong>XIX.</strong></span> <span class='ocrx_word' id='word_1_303' title='bbox 505 3002 802 3063; x_wconf 85' lang='lat' dir='ltr'><strong>Consules</strong></span> <span class='ocrx_word' id='word_1_304' title='bbox 831 3001 958 3063; x_wconf 86' lang='lat' dir='ltr'><strong>Ser.</strong></span> <span class='ocrx_word' id='word_1_305' title='bbox 980 3002 1301 3097; x_wconf 76' lang='lat' dir='ltr'><strong>SulpiciuS,</strong></span> <span class='ocrx_word' id='word_1_306' title='bbox 1326 3004 1415 3063; x_wconf 91' lang='lat' dir='ltr'><strong>M.</strong></span> <span class='ocrx_word' id='word_1_307' title='bbox 1438 3002 1677 3062; x_wconf 88' lang='lat' dir='ltr'><strong>Tullius</strong></span> <span class='ocrx_word' id='word_1_308' title='bbox 1701 3024 1719 3073; x_wconf 79' lang='lat'><em>3</em></span> <span class='ocrx_word' id='word_1_309' title='bbox 1759 3002 1907 3062; x_wconf 88' lang='lat' dir='ltr'><strong>nihil</strong></span> <span class='ocrx_word' id='word_1_310' title='bbox 1929 2956 2200 3083; x_wconf 41' lang='lat' dir='ltr'><strong>dignum⁵</strong></span> 
     </span>
    </p>
   </div>
   <div class='ocr_carea' id='block_1_10' title="bbox 171 3082 2178 3147">
    <p class='ocr_par' dir='ltr' id='par_1_11' title="bbox 171 3082 2178 3147">
     <span class='ocr_line' id='line_1_37' title="bbox 171 3082 2178 3147; baseline -0.002 -1"><span class='ocrx_word' id='word_1_311' title='bbox 171 3082 458 3147; x_wconf 67' lang='lat' dir='ltr'><strong>memori-21</strong></span> <span class='ocrx_word' id='word_1_312' title='bbox 498 3089 717 3143; x_wconf 86' lang='lat' dir='ltr'><strong>actum.</strong></span> <span class='ocrx_word' id='word_1_313' title='bbox 799 3083 876 3142; x_wconf 92' lang='lat' dir='ltr'><strong>T.</strong></span> <span class='ocrx_word' id='word_1_314' title='bbox 904 3084 1192 3145; x_wconf 78' lang='lat' dir='ltr'><strong>AEbutius</strong></span> <span class='ocrx_word' id='word_1_315' title='bbox 1222 3084 1439 3143; x_wconf 88' lang='lat' dir='ltr'><strong>deinde</strong></span> <span class='ocrx_word' id='word_1_316' title='bbox 1468 3089 1531 3141; x_wconf 91' lang='lat' dir='ltr'><strong>et</strong></span> <span class='ocrx_word' id='word_1_317' title='bbox 1571 3082 1643 3140; x_wconf 90' lang='lat' dir='ltr'><strong>C.</strong></span> <span class='ocrx_word' id='word_1_318' title='bbox 1671 3082 1977 3142; x_wconf 82' lang='lat' dir='ltr'><strong>Vetusius.</strong></span> <span class='ocrx_word' id='word_1_319' title='bbox 2058 3083 2178 3143; x_wconf 88' lang='lat' dir='ltr'><strong>His</strong></span> 
     </span>
    </p>
   </div>
   <div class='ocr_carea' id='block_1_11' title="bbox 68 3161 2243 3314">
    <p class='ocr_par' dir='ltr' id='par_1_12' title="bbox 68 3161 2243 3314">
     <span class='ocr_line' id='line_1_38' title="bbox 68 3161 2177 3243; baseline -0.002 -16"><span class='ocrx_word' id='word_1_320' title='bbox 68 3181 73 3193; x_wconf 78' lang='grc'><strong>“</strong></span> <span class='ocrx_word' id='word_1_321' title='bbox 175 3164 517 3227; x_wconf 85' lang='lat' dir='ltr'><strong>consulibus</strong></span> <span class='ocrx_word' id='word_1_322' title='bbox 540 3162 786 3224; x_wconf 73' lang='lat' dir='ltr'><strong>Fidenae</strong></span> <span class='ocrx_word' id='word_1_323' title='bbox 806 3166 1079 3234; x_wconf 80' lang='lat' dir='ltr'><strong>obsessae,</strong></span> <span class='ocrx_word' id='word_1_324' title='bbox 1109 3161 1519 3223; x_wconf 82' lang='lat' dir='ltr'><strong>Crustumeria</strong></span> <span class='ocrx_word' id='word_1_325' title='bbox 1546 3168 1740 3243; x_wconf 87' lang='lat' dir='ltr'><strong>capta,</strong></span> <span class='ocrx_word' id='word_1_326' title='bbox 1766 3163 2073 3224; x_wconf 82' lang='lat' dir='ltr'><strong>Praeneste&#39;</strong></span> <span class='ocrx_word' id='word_1_327' title='bbox 2102 3166 2177 3223; x_wconf 88' lang='lat' dir='ltr'><strong>ab</strong></span> 
     </span>
     <span class='ocr_line' id='line_1_39' title="bbox 173 3241 2243 3314; baseline -0.003 -6"><span class='ocrx_word' id='word_1_328' title='bbox 173 3246 410 3308; x_wconf 86' lang='lat' dir='ltr'><strong>Latinis</strong></span> <span class='ocrx_word' id='word_1_329' title='bbox 453 3244 530 3305; x_wconf 88' lang='lat' dir='ltr'><strong>ad</strong></span> <span class='ocrx_word' id='word_1_330' title='bbox 570 3244 869 3303; x_wconf 84' lang='lat' dir='ltr'><strong>Romanos</strong></span> <span class='ocrx_word' id='word_1_331' title='bbox 911 3243 1203 3314; x_wconf 83' lang='lat' dir='ltr'><strong>descivit3</strong></span> <span class='ocrx_word' id='word_1_332' title='bbox 1265 3264 1377 3305; x_wconf 88' lang='lat' dir='ltr'><strong>nec</strong></span> <span class='ocrx_word' id='word_1_333' title='bbox 1406 3242 1565 3301; x_wconf 59' lang='lat' dir='ltr'><strong>ultr-22</strong></span> <span class='ocrx_word' id='word_1_334' title='bbox 1603 3241 1829 3301; x_wconf 90' lang='lat' dir='ltr'><strong>bellum</strong></span> <span class='ocrx_word' id='word_1_335' title='bbox 1872 3242 2175 3312; x_wconf 86' lang='lat' dir='ltr'><strong>Latinum,</strong></span> <span class='ocrx_word' id='word_1_336' title='bbox 2240 3251 2243 3253; x_wconf 74' lang='grc'>’</span> 
     </span>
    </p>
   </div>
   <div class='ocr_carea' id='block_1_12' title="bbox 171 3316 2187 3723">
    <p class='ocr_par' dir='ltr' id='par_1_13' title="bbox 171 3316 2187 3723">
     <span class='ocr_line' id='line_1_40' title="bbox 171 3316 2177 3407; baseline -0.002 -24"><span class='ocrx_word' id='word_1_337' title='bbox 171 3326 434 3407; x_wconf 87' lang='lat' dir='ltr'><strong>gliscens</strong></span> <span class='ocrx_word' id='word_1_338' title='bbox 451 3316 584 3405; x_wconf 77' lang='lat' dir='ltr'><strong>jam</strong></span> <span class='ocrx_word' id='word_1_339' title='bbox 597 3343 702 3403; x_wconf 87' lang='lat' dir='ltr'><strong>per</strong></span> <span class='ocrx_word' id='word_1_340' title='bbox 723 3323 955 3403; x_wconf 85' lang='lat' dir='ltr'><strong>aliquot</strong></span> <span class='ocrx_word' id='word_1_341' title='bbox 975 3344 1182 3393; x_wconf 84' lang='lat' dir='ltr'><strong>annos,</strong></span> <span class='ocrx_word' id='word_1_342' title='bbox 1203 3322 1471 3385; x_wconf 82' lang='lat' dir='ltr'><strong>dilatum..</strong></span> <span class='ocrx_word' id='word_1_343' title='bbox 1554 3321 1629 3381; x_wconf 61' lang='lat' dir='ltr'><strong>R.</strong></span> <span class='ocrx_word' id='word_1_344' title='bbox 1668 3322 2007 3383; x_wconf 84' lang='lat' dir='ltr'><strong>Postumius</strong></span> <span class='ocrx_word' id='word_1_345' title='bbox 2044 3321 2177 3380; x_wconf 87' lang='lat' dir='ltr'><strong>dic-</strong></span> 
     </span>
     <span class='ocr_line' id='line_1_41' title="bbox 171 3400 2179 3483; baseline -0.002 -19"><span class='ocrx_word' id='word_1_346' title='bbox 171 3412 350 3473; x_wconf 82' lang='lat' dir='ltr'><strong>tator,</strong></span> <span class='ocrx_word' id='word_1_347' title='bbox 376 3406 454 3463; x_wconf 90' lang='lat' dir='ltr'><strong>T.</strong></span> <span class='ocrx_word' id='word_1_348' title='bbox 482 3403 761 3465; x_wconf 87' lang='lat' dir='ltr'><strong>AEbutius</strong></span> <span class='ocrx_word' id='word_1_349' title='bbox 788 3404 1068 3483; x_wconf 85' lang='lat' dir='ltr'><strong>magister</strong></span> <span class='ocrx_word' id='word_1_350' title='bbox 1093 3404 1381 3483; x_wconf 81' lang='lat' dir='ltr'><strong>equitum,</strong></span> <span class='ocrx_word' id='word_1_351' title='bbox 1408 3402 1636 3483; x_wconf 84' lang='lat' dir='ltr'><strong>magnis</strong></span> <span class='ocrx_word' id='word_1_352' title='bbox 1688 3402 1871 3483; x_wconf 85' lang='lat' dir='ltr'><strong>copiis</strong></span> <span class='ocrx_word' id='word_1_353' title='bbox 1910 3400 2179 3481; x_wconf 88' lang='lat' dir='ltr'><strong>peditum</strong></span> 
     </span>
     <span class='ocr_line' id='line_1_42' title="bbox 177 3479 2187 3565; baseline 0.002 -27"><span class='ocrx_word' id='word_1_354' title='bbox 177 3482 566 3561; x_wconf 83' lang='lat' dir='ltr'><strong>equitumque</strong></span> <span class='ocrx_word' id='word_1_355' title='bbox 592 3482 866 3564; x_wconf 86' lang='lat' dir='ltr'><strong>profecti,</strong></span> <span class='ocrx_word' id='word_1_356' title='bbox 893 3484 969 3542; x_wconf 90' lang='lat' dir='ltr'><strong>ad</strong></span> <span class='ocrx_word' id='word_1_357' title='bbox 997 3484 1195 3543; x_wconf 89' lang='lat' dir='ltr'><strong>lacum</strong></span> <span class='ocrx_word' id='word_1_358' title='bbox 1224 3482 1524 3563; x_wconf 82' lang='lat' dir='ltr'><strong>Regillum</strong></span> <span class='ocrx_word' id='word_1_359' title='bbox 1556 3482 1620 3541; x_wconf 93' lang='lat' dir='ltr'><strong>in</strong></span> <span class='ocrx_word' id='word_1_360' title='bbox 1648 3504 1789 3565; x_wconf 81' lang='lat' dir='ltr'><strong>agro</strong></span> <span class='ocrx_word' id='word_1_361' title='bbox 1826 3479 2187 3542; x_wconf 84' lang='lat' dir='ltr'><strong>Tusculano</strong></span> 
     </span>
     <span class='ocr_line' id='line_1_43' title="bbox 175 3557 2181 3646; baseline 0.003 -31"><span class='ocrx_word' id='word_1_362' title='bbox 175 3557 395 3646; x_wconf 73' lang='lat' dir='ltr'><strong>agmini</strong></span> <span class='ocrx_word' id='word_1_363' title='bbox 414 3560 670 3621; x_wconf 85' lang='lat' dir='ltr'><strong>hostium</strong></span> <span class='ocrx_word' id='word_1_364' title='bbox 691 3570 1118 3634; x_wconf 58' lang='lat' dir='ltr'><strong>occurret-unu</strong></span> <span class='ocrx_word' id='word_1_365' title='bbox 1159 3568 1239 3634; x_wconf 91' lang='lat' dir='ltr'><strong>et,</strong></span> <span class='ocrx_word' id='word_1_366' title='bbox 1266 3563 1407 3643; x_wconf 89' lang='lat' dir='ltr'><strong>quia</strong></span> <span class='ocrx_word' id='word_1_367' title='bbox 1435 3562 1795 3641; x_wconf 87' lang='lat' dir='ltr'><strong>Tarquinios</strong></span> <span class='ocrx_word' id='word_1_368' title='bbox 1822 3578 1951 3618; x_wconf 85' lang='lat' dir='ltr'><strong>esse</strong></span> <span class='ocrx_word' id='word_1_369' title='bbox 1979 3558 2045 3628; x_wconf 77' lang='lat' dir='ltr'><strong>in</strong></span> <span class='ocrx_word' id='word_1_370' title='bbox 2072 3581 2181 3622; x_wconf 86' lang='lat' dir='ltr'><strong>ex-</strong></span> 
     </span>
     <span class='ocr_line' id='line_1_44' title="bbox 177 3636 2185 3723; baseline 0.006 -30"><span class='ocrx_word' id='word_1_371' title='bbox 177 3640 368 3693; x_wconf 78' lang='lat' dir='ltr'><strong>ermtu</strong></span> <span class='ocrx_word' id='word_1_372' title='bbox 395 3636 746 3704; x_wconf 81' lang='lat' dir='ltr'><strong>Latinorum</strong></span> <span class='ocrx_word' id='word_1_373' title='bbox 769 3642 1042 3707; x_wconf 86' lang='lat' dir='ltr'><strong>auditum</strong></span> <span class='ocrx_word' id='word_1_374' title='bbox 1071 3651 1182 3717; x_wconf 78' lang='lat' dir='ltr'><strong>est,</strong></span> <span class='ocrx_word' id='word_1_375' title='bbox 1212 3641 1497 3707; x_wconf 83' lang='lat' dir='ltr'><strong>sustineri</strong></span> <span class='ocrx_word' id='word_1_376' title='bbox 1519 3642 1611 3705; x_wconf 80' lang='lat' dir='ltr'><strong>ira</strong></span> <span class='ocrx_word' id='word_1_377' title='bbox 1634 3659 1755 3704; x_wconf 88' lang='lat' dir='ltr'><strong>non</strong></span> <span class='ocrx_word' id='word_1_378' title='bbox 1776 3638 1993 3721; x_wconf 54' lang='lat' dir='ltr'><strong>potuit</strong></span> <span class='ocrx_word' id='word_1_379' title='bbox 2032 3643 2185 3723; x_wconf 74' lang='lat' dir='ltr'><strong>quin</strong></span> 
     </span>
    </p>
   </div>
  </div>
 </body>
</html>
