2400 4109
127 141 258 207 rso
450 170 459 178 ·
753 93 761 101 ’
991 137 1070 208 Τ.
1097 140 1313 214 mvn

157 301 497 384 ratiumque
535 295 714 364 lictor
751 300 1076 366 decemviri
1101 305 1375 372 invadit:
1414 304 1773 386 franguntur
1813 300 1851 362 ἃ
1890 301 2169 363 multitu·-

162 385 305 460 dine
357 384 572 444 fasces.
655 387 727 444 In
777 386 1123 446 concionem
1167 385 1407 479 Appius,
1442 384 1734 446 ascendit.
1820 383 2186 462 Sequuntur=

161 463 450 524 Horatius
479 465 874 544 Valeriusque
897 487 915 538 3
949 477 1058 527 'eos
1085 465 1493 542 concio-audit
1516 485 1535 524 ι
1574 464 1915 524 decemviro
1936 467 2177 523 obstre-

159 545 339 626 pitur.
418 545 554 606 Jam
595 566 700 626 pro
727 545 975 626 imperio
1004 547 1283 606 Valerius
1330 545 1643 618 discedere
1662 545 1713 603 a·
1734 543 1964 622 privato
1992 542 2173 602 lieto-

164 643 263 684 res
295 626 580 705 jubebat:
622 644 828 704 quum,
869 626 1080 686 fractis
1121 627 1355 706 animiS,
1410 625 1662 708 Appius,
1704 625 1845 684 vitae
1876 633 2173 703 metuens,

159 703 225 764 in
265 705 510 764 domum
551 725 616 764 se
657 706 1052 787 propinquam
1091 708 1241 776 foro,
1293 706 1501 766 inseiis
1542 703 1917 774 adversariiS,
1970 703 2171 784 capite

161 786 463 854 obvoluto,
503 785 734 866 recipit.
790 787 918 868 Sp.
947 787 1208 868 Oppius,
1253 794 1321 846 ut
1360 775 1581 846 auxilio
1610 786 1851 866 collegae
1880 792 2069 852 esset,
2101 783 2171 842 in

159 865 356 926 forum
386 885 461 924 ex
487 865 678 926 altera
705 873 873 948 parte
914 867 1188 948 irrumpit
1210 888 1231 938 3
1269 866 1455 927 videt*
1480 866 1793 947 imperium
1822 864 1882 924 vi
1922 864 2173 923 victum.

163 944 444 1026 Agitatus
483 945 704 1006 deinde
747 946 1031 1016 consiliis„
1073 955 1257 1026 atque
1298 967 1373 1006 ex
1400 947 1559 1006 omni
1586 953 1756 1026 parte
1784 943 2171 1005 assentiendo

163 1024 368 1086 multis
395 1026 738 1086 auctoribus
761 1027 1052 1107 trepidus,
1085 1035 1375 1088 senatum
1400 1027 1703 1108 postremo
1722 1023 1922 1090 vocari
1941 1023 2127 1119 jussit
2149 1043 2171 1093 ς

160 1125 236 1164 ea
273 1125 390 1174 reS,
445 1106 606 1186 quod
637 1127 864 1189 magnae
896 1106 1050 1187 parti
1081 1107 1326 1168 Pati-um
1352 1106 1675 1186 displicere
1702 1112 1838 1166 acta
1864 1103 2171 1166 decemvi-

160 1205 362 1245 rorum
389 1187 762 1262 videbantur,
807 1207 913 1268 spe
941 1207 1048 1268 per
1075 1195 1352 1248 senatum
1379 1187 1661 1246 finiendae
1692 1185 2005 1266 potestatis
2036 1187 2181 1264 ejus-

161 1265 610 1327 multitudinem
637 1267 890 1327 sedavit.
973 1267 1231 1328 Senatus
1258 1288 1371 1328 nec
1390 1267 1621 1348 plebem
1650 1264 1998 1325 irritandam
2024 1281 2169 1324 cen·

163 1345 322 1415 suit;
363 1353 426 1407 et
451 1349 642 1407 multo
667 1347 854 1428 magis
881 1347 1336 1427 providendum,
1378 1364 1457 1407 ne
1482 1346 1629 1426 quid
1659 1345 1913 1428 virginii
1940 1345 2177 1404 adven·-

161 1431 263 1486 tus
283 1418 346 1486 in
376 1428 642 1488 exercitu
670 1439 866 1488 motus
893 1427 1136 1488 faceret.
2080 1489 2084 1496 ‚

204 1525 208 1530 ’
246 1507 321 1566 L.
363 1509 578 1586 Itaque
603 1508 770 1568 missi
801 1508 1071 1589 juniores
1099 1511 1343 1570 Petrum
1371 1506 1437 1567 in
1461 1512 1693 1575 'castren
1748 1525 1885 1586 quae
1926 1509 2057 1564 tum
2095 1504 2177 1564 in-

165 1593 368 1647 monte
415 1587 646 1648 Vecilio
689 1596 878 1658 erant,
925 1589 1220 1650 nunciant
1258 1587 1634 1657 decemviris,
1686 1598 1723 1622 ‘⁶
1746 1592 1816 1646 ut
1855 1585 2013 1646 omni
2056 1603 2171 1666 ope
2280 1595 2287 1600 '

165 1668 240 1726 ab
280 1667 575 1728 seditione
615 1665 837 1730 milites
878 1670 1227 1731 contineant
1251 1671 1313 1728 θ’
1356 1668 1458 1729 ubi
1507 1666 1814 1750 Virginius
1866 1668 2171 1746 majorem,

165 1747 348 1824 quem
390 1747 716 1826 reliquerat
767 1750 832 1808 in
885 1752 1050 1820 urbe,
1095 1757 1318 1810 motum
1363 1746 1604 1809 excivit.
1685 1747 1865 1816 Nam,
1911 1752 2173 1827 praeter-

166 1844 347 1904 quam
375 1829 800 1910 quod⁴agmine
819 1832 1004 1910 prope
1045 1831 1617 1911 quadringentorum
1657 1827 1957 1887 hominum
2002 1825 2175 1886 veni·

167 1925 295 1975 ens‘,
339 1906 442 1984 qui
487 1911 558 1968 ab
585 1911 728 1967 urbe
756 1909 1113 1990 indignitate
1143 1909 1229 1970 rei
1256 1907 1497 1969 accensi
1525 1907 1774 1968 comites
1803 1905 1859 1966 ei
1886 1925 1953 1966 se
1980 1905 2171 1966 dede-

163 1992 323 2055 rant,
375 1994 730 2068 conspectus
771 1995 902 2060 est3
956 1990 1230 2049 strictum
1284 1988 1464 2049 etiam
1504 1987 1715 2057 telum,
1741 2005 2175 2067 respersusque

165 2063 296 2158 ipse
323 2087 550 2138 cruore,
603 2074 724 2129 tots
755 2067 912 2131 inse
955 2076 1152 2130 castra
1193 2067 1531 2139 convertit3
1572 2075 1635 2128 et
1676 2074 1845 2147 togae,
1898 2063 2175 2144 multifa-

164 2165 310 2206 riam
341 2146 402 2208 in
431 2149 644 2208 castris
685 2148 848 2219 visre,
889 2149 1130 2231 majoris
1155 2151 1482 2228 aliquanto,
1522 2148 1705 2227 quzim
1731 2153 1877 2216 erat,
1906 2144 2175 2226 speciem
2248 2185 2251 2187 Α

164 2231 410 2288 urbanae
439 2229 844 2290 multitudinis
871 2230 1158 2291 fecerant.
1240 2228 1680 2304 Quaerentibus,
1721 2241 1757 2266 ⁶·
1778 2227 1925 2306 quid
1951 2227 2039 2286 rei
2061 2246 2173 2302 ‘es-

169 2309 327 2376 set‚”
371 2307 524 2368 flens
553 2308 654 2368 diu
682 2331 893 2370 vocem.
933 2305 1054 2370 non
1081 2310 1285 2384 misit3
1325 2307 1589 2378 tandem,
1636 2315 1707 2368 ut
1722 2309 1847 2389 jam
1878 2327 1953 2366 ex
1978 2307 2171 2386 trepi-

167 2385 408 2448 datione
439 2391 918 2450 concurrentium'
943 2393 1120 2450 turba
1147 2388 1434 2460 constitit,
1482 2409 1551 2448 ac
1576 2389 1875 2449 silentium
1905 2385 2041 2456 fuit,
2068 2407 2172 2446 or-

166 2467 308 2527 dine
335 2476 570 2539 cuncta,
597 2476 664 2530 ut
691 2478 860 2552 gesta
886 2478 1076 2540 erant,
1123 2463 1490 2552 exposuitw
1499 2469 1756 2550 Supinas
1782 2469 2002 2534 deinde
2029 2473 2199 2553 ten--

168 2547 321 2606 dens
367 2569 598 2618 manus,
647 2551 1082 2612 commilitones
1105 2550 1469 2632 appellans}
1506 2553 1729 2630 orabat,
1782 2561 1815 2586 ‘⁶
1836 2548 1955 2617 Ne,
2002 2548 2169 2626 quod

169 2628 368 2686 scelus
391 2630 508 2708 Ap.
529 2630 772 2690 Claudii
799 2632 976 2700 esset,
1003 2630 1583 2712 sibivattribuerantg
1613 2649 1731 2690 neu
1764 2649 1847 2698 se,
1882 2636 1957 2689 ut·
1978 2629 2171 2708 parri-

171 2705 368 2766 eidam
408 2709 680 2780 liberum,
736 2717 1170 2771 aversarentur.
1254 2699 1377 2770 Sibi
1419 2698 1602 2772 vitam
1644 2709 1787 2770 filiae
1832 2729 1938 2768 sua
1979 2707 2173 2768 cario-

167 2805 294 2847 rem
351 2786 556 2859 suisse,
609 2790 660 2849 si
699 2791 904 2851 liberae
957 2811 1028 2850 ac
1083 2787 1319 2872 pudicae
1374 2790 1574 2850 vivere
1630 2789 1859 2849 licitum
1914 2787 2130 2848 fuisset
2154 2809 2173 2848 ε

169 2886 376 2947 quum,
411 2869 577 2930 velut
605 2889 858 2940 servam,
885 2871 960 2932 ad
989 2877 1262 2952 stuprum
1305 2873 1431 2951 rapi
1460 2869 1709 2939 videret,
1755 2875 1945 2930 morte
1972 2867 2173 2928 amitti

169 2948 387 3009 'meli-Cis
415 2957 629 3019 ratum,
657 2953 835 3030 quzim
881 2953 1266 3022 contumelia,
1292 2951 1527 3019 liberos,
1574 2950 1981 3010 misericordia
2009 2969 2075 3008 se
2104 2949 2173 3011 in

168 3028 428 3110 speciem
457 3031 832 3092 crudelitatis
860 3032 1092 3114 lapsum
1119 3053 1136 3103 ;
1175 3052 1289 3093 nec
1332 3051 1397 3092 se
1423 3027 1801 3111 superstitem
1832 3029 1975 3090 filiae
2000 3028 2173 3091 futu·

167 3127 298 3170 rum
345 3109 548 3182 fuisse,
617 3112 732 3173 nisi
785 3121 947 3192 'spem
1004 3112 1372 3172 ulciscendae
1424 3110 1629 3172 mortis
1670 3111 1801 3170 e'us
1840 3109 1903 3170 in
1946 3108 2173 3176 auxilio

169 3189 634 3252 commilitonum
677 3192 996 3252 habuisset.
1077 3193 1211 3252 Illis
1238 3211 1475 3272 quoque
1502 3191 1661 3250 enim
1734 3190 1865 3261 lias,
1919 3209 2174 3262 sorores,

168 3271 569 3352 conjugesque
609 3291 783 3342 esse3
823 3293 935 3334 nec
964 3293 1098 3333 cum
1127 3272 1254 3332 filia
1278 3293 1387 3332 sua
1428 3270 1731 3332 libidinem
1776 3275 1896 3352 Ap.
1924 3269 2174 3332 Claudii

169 3350 526 3412 exstinctam
569 3372 700 3412 esse
723 3372 749 3422 ς
783 3353 910 3422 sed,
951 3373 1070 3432 quo
1096 3351 1443 3432 impunitior
1469 3352 1567 3422 sit,
1616 3373 1687 3412 eo
1728 3351 2181 3420 effrenatiorem·

165 3425 310 3486 fore.
393 3432 614 3492 Aliena
643 3431 982 3492 calamitate
1025 3433 1447 3492 documentum
1474 3432 1681 3492 datum
1710 3431 1835 3492 illis
1875 3432 2169 3494 cavendae
2196 3449 2203 3457 ·

171 3505 382 3590 similis
407 3511 641 3592 injuriae
669 3533 686 3584 ;
727 3513 882 3592 quod
915 3512 988 3572 ad
1021 3533 1084 3572 se
1111 3513 1384 3582 attineat,
1432 3533 1673 3573 uxorem
1704 3511 1815 3572 sibi
1841 3510 1963 3570 fato
1991 3529 2175 3593 erep-

167 3585 288 3640 tam
313 3605 330 3642 ε
371 3588 572 3662 filiam,
602 3594 744 3672 quia
771 3613 890 3653 non
921 3593 1080 3652 ultr-²2.
1109 3593 1331 3674 pudica
1358 3593 1589 3654 victura
1616 3591 1813 3658 fuerit,
1860 3589 2171 3665 miseram,

169 3660 280 3746 sed
303 3661 628 3750 bonestam,
675 3680 924 3739 mortem
953 3673 1323 3734 occubuisse.
1404 3675 1546 3736 Non
1572 3691 1702 3734 esse
1720 3673 1845 3750 jam
1876 3671 1931 3727 A
1976 3670 2061 3752 pii
2090 3671 2172 3732 li-

163 3731 350 3796 bldlm
375 3739 570 3809 locum
595 3752 660 3814 in
686 3754 863 3816 domo
891 3773 1000 3838 sua
1027 3773 1047 3826 3
1083 3757 1162 3816 ab
1199 3753 1324 3818 alia
1347 3753 1633 3817 violentia
1671 3753 1809 3830 ejus
1840 3767 1875 3810 e
1954 3769 2055 3821 em
2091 3773 2173 3844 ⁸⁸1

1966 3912 1977 3922 ,
2051 3906 2074 3916 -ι

1808 3925 1822 3936 μ,
1969 3923 1975 3930 ι

199 4055 534 4088 Q—
563 4085 570 4087 .
