2400 4109
30 1639 36 1698 ἶ

978 137 1243 216 Lmen
1266 139 1385 201 m.
1606 149 1611 156 ·
2062 148 2186 215 ιω,
2216 167 2221 170 -

162 295 233 361 'in
273 299 532 382 publico,
579 299 684 361 sed
726 319 804 361 ne
844 299 1241 361 assurrexisse
1283 299 1531 380 quidem
1578 320 1653 360 ex
1692 303 1915 370 morbo,
1960 304 2181 364 multo·

167 401 426 460 rumque
456 384 590 440 tabe
616 381 910 442 mensium
939 387 1232 441 mortuum
1256 402 1273 439 z
1312 401 1428 442 nec
1452 381 1541 441 his
1559 381 1943 462 temporibuS,
1956 381 2021 442 in
2044 405 2183 462 quae

168 462 348 520 testis
403 461 630 520 crimen
683 460 1060 542 conjecisset,
1114 462 1438 522 Kaesonem
1479 461 1689 523 Romae
1733 463 1921 522 visum
1948 482 1994 520 ε’
2022 464 2181 522 affir-

169 538 490 610 mantibuS,
531 542 635 620 qui
683 544 804 600 una
835 547 1193 608 meruerant,
1237 561 1606 604 secumeum
1632 547 1761 602 tum
1804 541 2179 620 frequentem

171 619 252 681 ad
281 621 449 702 signa
476 641 604 682 sune
631 621 755 680 ullo
775 628 1110 680 commeatu
1137 620 1325 680 fuisse
1348 642 1365 690 3
1404 622 1470 682 ni
1508 623 1595 682 ita
1634 629 1814 692 esset,
1855 622 2031 682 multi
2057 623 2180 704 pri-

171 701 355 760 vatim
383 701 652 762 ferebant
679 700 920 761 Volscio
939 702 1198 780 judices.
1282 701 1477 775 Quum
1520 703 1597 762 ad
1614 702 1919 783 judicium
1946 702 2033 762 ire
2060 723 2181 764 non

175 780 442 852 auderet,
485 801 690 841 omnes
730 801 978 850 eae,reS,
1019 781 1081 840 in
1123 801 1308 840 unum
1336 801 1443 842 con
1518 789 1749 854 nentes,
1795 782 1955 843 haud
1995 784 2185 864 magis

175 860 416 920 dubiam
445 861 888 922 damnationem
915 860 1162 930 Volscii,
1212 863 1391 940 quam
1486 863 1701 924 aesonis
1740 863 1983 923 Volscio
2026 870 2183 924 teste

175 939 390 1010 fuerat,
429 941 747 1001 faciebant.
829 943 901 1000 In
944 961 1109 1000 mora
1133 941 1365 1000 tribuni
1388 949 1577 1011 erant,
1604 943 1709 1022 qui
1738 943 1977 1003 comitia
2004 963 2183 1023 ques-

170 1025 336 1081 tores
361 1021 576 1080 habere
604 1023 680 1080 de
707 1040 824 1090 reo,
868 1020 984 1079 nisi
1011 1020 1180 1100 prius
1206 1020 1409 1082 habita
1436 1022 1511 1080 de
1537 1023 1669 1103 lege
1711 1030 1929 1093 essent,
1974 1043 2187 1104 passu-

171 1121 274 1161 ros
318 1103 654 1179 negabant3
693 1100 778 1161 ita
819 1106 1088 1160 extracta
1128 1107 1385 1180 utraque
1410 1122 1507 1161 res
1535 1101 1597 1162 in
1621 1104 1929 1164 consulum
1957 1105 2183 1166 adven·
2274 1102 2281 1107 ’

171 1188 307 1242 tum
351 1189 462 1240 est.
545 1179 662 1254 Qui
701 1181 802 1240 ubi
841 1179 1279 1272 triumphantes
1322 1181 1551 1242 victore
1599 1203 1735 1242 cum
1778 1183 2043 1244 exercitu
2082 1203 2184 1244 ur-

169 1263 310 1322 bem
338 1260 620 1330 inierunt,
669 1259 808 1341 quia
850 1261 1154 1323 silentium
1181 1262 1258 1320 de
1288 1261 1419 1342 lege
1447 1269 1595 1331 erat,
1635 1264 1943 1343 perculsos
1972 1284 2187 1346 magna

170 1361 312 1422 pars
356 1341 678 1402 credebant
725 1340 1011 1400 tribunos.
1093 1344 1180 1401 At
1227 1341 1319 1400 illi
1375 1343 1621 1422 (etenim
1665 1349 1999 1404 extremum
2038 1343 2199 1408 anni

163 1421 300 1502 'jam
355 1422 507 1503 erat)
563 1431 840 1500 quartum
867 1420 1233 1482 affectantes-
1250 1422 1639 1492 tribunatum,
1691 1423 1757 1483 in
1813 1423 2187 1484 comitiorum

173 1500 668 1581 disceptationem
717 1504 790 1561 ab
816 1503 948 1582 lege
990 1509 1293 1561 certamen
1321 1509 1699 1572 averterant;
1742 1510 1803 1563 et
1830 1524 2017 1582 quum
2044 1523 2186 1564 con-

169 1581 342 1642 sules
397 1582 579 1641 nihilo
634 1580 834 1642 minus
901 1581 1190 1641 adversus
1253 1583 1761 1643 continuationem
1827 1583 2187 1654 tribunatus,

176 1663 360 1738 quam
404 1662 454 1721 si
498 1663 598 1721 lex
648 1661 984 1721 minuendae
1029 1681 1154 1721 suae
1209 1663 1537 1742 majestatis
1587 1669 1769 1722 causa
1818 1664 2190 1745 promulgata

173 1742 452 1810 ferretur,
480 1742 900 1810 tetendissent,
941 1741 1191 1801 victoria
1220 1743 1561 1802 certaminis
1584 1763 1767 1823 penes
1796 1743 2065 1804 tribunos
2091 1743 2189 1803 fu-

177 1823 249 1882 it.
331 1822 558 1883 Eodem
599 1842 756 1882 anno
785 1821 998 1899 AEquis
1040 1842 1157 1902 pax
1199 1828 1295 1882 est
1320 1823 1661 1902 petentibus
1688 1824 1849 1884 data.
1930 1824 2188 1894 Census,

176 1922 278 1962 res
317 1903 510 1982 priore
539 1921 694 1962 anno
722 1901 1016 1971 inchoata,
1065 1902 1409 1982 perficitur:
1450 1903 1631 1982 idque
1675 1904 1928 1964 lustrum
1970 1908 2045 1964 ab
2071 1905 2188 1965 ori-

177 1981 318 2064 gine
349 1982 506 2042 urbis
551 1983 848 2064 decimum
888 1983 1214 2060 conditum.
1295 1983 1565 2044 Fuerunt
1606 2005 1785 2044 censa
1828 1984 2049 2045 civium
2091 2005 2191 2044 ca-

172 2062 308 2143 pita
376 2069 616 2123 centum
691 2061 1117 2142 septemdecim
1189 2063 1381 2123 millia
1426 2070 1697 2124 trecenta
1756 2064 2189 2124 novemdecim.

181 2143 514 2204 Consulum
557 2163 772 2224 magna
813 2141 973 2201 domi
1011 2143 1275 2221 bellique
1318 2163 1387 2202 eo
1428 2162 1582 2202 anno
1624 2144 1811 2224 gloria
1837 2143 1989 2215 fuit3
2028 2145 2191 2222 quod

179 2229 242 2283 et
269 2223 412 2283 foris
443 2240 668 2304 pacem·
717 2240 980 2306 eperere,
1023 2229 1086 2281 et
1126 2222 1305 2291 domi,
1353 2229 1416 2281 et
1442 2222 1493 2282 si
1522 2243 1643 2282 non
1680 2243 1947 2294 concors,
1992 2225 2193 2286 minus

183 2309 408 2372 tamen,
437 2305 617 2382 quam
648 2324 682 2362 a
708 2303 817 2372 ils,
845 2301 1067 2364 infesta
1095 2302 1307 2362 civitas
1333 2302 1467 2362 fuit.
1896 2314 1904 2321 ·
2218 2345 2226 2354 .

261 2384 455 2443 XXV.
500 2385 572 2442 L.
605 2383 910 2442 Minucius
937 2383 1078 2442 inde
1101 2389 1163 2444 et
1185 2383 1257 2442 C.
1280 2383 1544 2444 Nautius
1572 2385 1850 2445 consules
1878 2384 2193 2460 factiduas

183 2465 462 2525 residuas
491 2463 632 2524 anni
659 2463 873 2543 prioris
902 2483 1114 2522 causas
1136 2472 1521 2544 exceperunt.
1600 2467 1829 2527 Eodem
1848 2466 2023 2526 modo
2052 2487 2195 2528 con·
2262 2477 2265 2480 ’

182 2546 351 2606 sules
382 2545 592 2624 legem,
641 2543 864 2603 tribuni
895 2543 1192 2624 judicium
1228 2545 1304 2602 de
1336 2544 1576 2605 Volscio
1600 2545 2044 2626 impediebant:
2086 2548 2195 2610 sed

183 2624 248 2684 in
278 2623 678 2704 quaestoribus
706 2625 876 2684 novis
904 2625 1091 2704 major
1113 2623 1223 2692 viS,
1250 2627 1439 2705 major
1460 2626 1782 2686 auctoritas
1810 2637 1957 2687 erat.
2038 2628 2197 2690 Cum

185 2707 279 2767 M.
327 2703 584 2773 Valerio,
639 2704 857 2764 Valerii
892 2704 1036 2774 filio,
1093 2705 1299 2765 Volesi
1355 2726 1431 2765 ne
1474 2713 1589 2775 ote,
1637 2716 1907 2786 quaestor
1938 2715 2077 2768 'erat
2117 2709 2196 2769 Τ.

187 2785 510 2861 Quinctius
552 2785 946 2864 CapitolinuS,
992 2784 1096 2864 qui
1137 2792 1231 2844 ter
1260 2805 1442 2844 consu
1497 2785 1710 2846 fuerat.
1794 2788 1874 2856 Is,
1918 2789 2199 2867 quoniam

187 2886 387 2945 neque
411 2864 705 2938 Quinctiae
747 2865 990 2924 tamiliae
1035 2865 1240 2934 Kaes0‚
1284 2885 1479 2944 neque
1518 2866 1864 2946 reipublicae
1909 2869 2203 2930 maximus

178 2949 474 3028 juvenum
501 2944 735 3004 restitui
764 2951 982 3024 posset,
1022 2944 1241 3004 falsum
1268 2951 1503 3016 testem,
1550 2945 1655 3024 qui
1696 2946 1971 3009 dicendae
2000 2969 2199 3011 causac

187 3024 432 3087 innoxio
462 3031 818 3104 potestatem
841 3025 1181 3092 ademisset,
1201 3025 1369 3104 justo
1398 3028 1468 3085 ac
1498 3025 1593 3106 pio
1620 3027 1777 3086 bello
1805 3032 2200 3108 persequeba-

187 3115 306 3168 tur.
391 3106 586 3178 Quum
631 3104 934 3187 Virginius
981 3105 1233 3163 maxime
1278 3110 1339 3164 et
1378 3104 1600 3165 tribuni
1646 3107 1723 3180 de
1763 3109 1823 3167 le
1862 3129 1896 3168 e
1936 3113 2207 3188 agerent,

193 3189 386 3248 duum
415 3185 710 3244 mensium
739 3185 994 3266 spatium
1031 3185 1375 3262 consulibus
1417 3187 1621 3246 dat-um
1652 3194 1746 3247 est
1772 3208 1807 3248 a
1875 3187 1971 3246 ins
2014 3185 2202 3245 icien-

187 3267 330 3327 dam
375 3266 608 3346 legem:
652 3273 740 3335 ut,
788 3285 972 3345 quum
1001 3263 1387 3324 edocuissent
1434 3267 1735 3346 populum,
1783 3267 1929 3342 quid
1971 3210 2201 3326 iiaudis

194 3346 454 3408 occultae
483 3345 758 3415 ferretur,
803 3344 1070 3404 sinerent
1097 3343 1317 3404 deinde
1358 3347 1697 3427 suffragium
1727 3346 1916 3413 inire;
1956 3345 2067 3407 hoc
2110 3346 2203 3424 in-

193 3425 442 3488 tervalli
485 3425 692 3484 datum
733 3445 830 3486 res
872 3423 1229 3503 tranquillas
1278 3423 1339 3484 in
1380 3430 1525 3484 urbe
1552 3425 1715 3485 fecit.
1795 3425 1931 3484 Nec
1974 3425 2203 3500 diutur-

195 3527 336 3567 nam
363 3504 632 3586 quietem
658 3505 848 3583 AEqui
877 3505 1213 3564 dederunt:
1254 3504 1375 3583 qui,
1422 3511 1597 3584 rupto
1638 3505 1887 3572 foedere,
1929 3505 2089 3583 quod
2121 3507 2204 3567 ic-

197 3592 324 3645 tum
351 3595 486 3646 erat
506 3584 704 3665 priore
730 3604 886 3644 anno
915 3605 1048 3643 cum
1078 3585 1381 3652 RomaniS‚
1424 3583 1735 3663 imperium
1762 3583 1837 3642 ad
1868 3584 2209 3645 Gracchum

196 3665 480 3727 Cloelium
523 3663 844 3734 deferunt3
905 3663 956 3728 is
998 3671 1122 3722 tum
1164 3662 1337 3744 longe
1378 3663 1655 3742 princeps
1694 3661 1759 3719 in
1800 3662 2021 3742 AEquis
2063 3670 2209 3724 erat.

199 3744 476 3810 Graccho
517 3745 676 3809 duce
701 3744 766 3810 in
807 3743 1182 3834 Laviconum
1220 3755 1469 3826 agruim·
1486 3739 1631 3802 inde
1669 3740 1735 3802 in
1774 3742 2233 3831 Tusculanum,-
