2400 4109
1045 173 1307 234 LIBER
1336 174 1454 234 111.
1894 247 1917 276 x
2102 179 2226 246 185,
2305 185 2311 190 ’

205 331 494 393 obediens
523 337 669 402 erat,
715 335 786 392 ut
809 331 1088 394 beneficii
1127 335 1335 415 magiS,
1364 332 1547 412 quam
1574 331 1933 414 ignominiae,
1974 331 2072 392 hic
2114 353 2219 393 ex-

205 413 436 472 ercitus
477 433 718 482 memor,
763 417 840 472 et'
871 433 1149 474 coronam
1189 435 1429 486 auream
1470 412 1751 472 dictatori
1780 412 1989 486 libram
2019 413 2218 493 pondo

209 492 566 566 decreverit,
595 501 655 552 et
673 493 1152 573 proficiscentem
1179 513 1315 554 eum
1342 499 1658 574 patronum
1686 493 2055 552 salutaverit.
2097 495 2221 552 Ro-

207 590 330 632 mae
376 573 408 630 a
448 572 520 646 Q.
550 574 732 632 Fabio
773 571 1058 653 praefecto
1098 575 1260 633 urbis
1302 577 1543 633 senatus
1586 573 1821 632 habitus
1846 572 2223 653 triumphan-

205 656 337 710 tem
364 653 733 726 Quinctium,
774 660 892 731 q'uo
919 653 1196 712 veniebat
1222 654 1471 733 agmine,
1513 655 1719 713 urbem
1745 652 1979 733 ingredi
1996 651 2181 732 jussit
2200 672 2225 724 ς

209 731 380 791 ducti
409 740 548 792 ante
576 747 816 791 currum
841 729 1101 796 hostium
1145 733 1367 792 duces:
1418 733 1702 793 militaria
1730 732 1900 812 si'gna
1927 734 2219 814 praelata:

201 819 460 870 secutus
489 811 790 872 exercitus
828 813 1032 892 praeda
1061 819 1331 876 onustus.
1409 813 1623 893 Epulae
1661 813 1977 872 instructae
2006 811 2222 870 dicun-

206 896 314 954 tur
340 891 525 951 fuisse
555 898 693 951 ante
721 894 982 950 omnium
1009 893 1251 952 domos:
1296 893 1729 972 epulantesque
1778 913 1913 950 cum
1957 889 2223 950 carmine

207 970 563 1062 triumphali
585 977 646 1028 et
670 969 1013 1050 solennibus
1031 971 1207 1050 jocis,
1235 971 1739 1031 commissantium
1764 972 1951 1040 modo,
1980 991 2226 1031 currum

207 1057 414 1110 secuti
457 1056 616 1110 sunt.
694 1051 785 1109 Eo
812 1049 912 1109 die
953 1051 1028 1108 L.
1057 1050 1329 1110 Mamilio
1373 1051 1739 1118 Tusculano,
1766 1051 2227 1131 approbantibus
2260 1109 2263 1112 ,

215 1129 477 1198 cunctis,
520 1129 732 1188 civitas
765 1129 908 1189 data
934 1137 1044 1190 est.
1125 1129 1457 1209 Confestim
1501 1149 1565 1190 se
1592 1130 1849 1211 dictator
1874 1130 2227 1211 magistratu

212 1209 580 1277 abdicasset,
626 1208 688 1282 ni
717 1209 956 1269 comitia
998 1209 1088 1268 M.
1107 1211 1165 1268 V
1168 1209 1338 1270 oiseii
1366 1209 1500 1269 falsi
1524 1209 1701 1270 testis
1742 1210 2111 1270 tenuissent:
2154 1231 2228 1271 ea

211 1310 292 1350 ne
334 1287 692 1368 impedirent
731 1289 975 1358 tribuni,
1021 1289 1333 1351 dictatoris
1374 1290 1617 1350 obstitit*
1648 1297 1860 1348 metus..
1917 1290 2223 1370 ‘Volscius
2270 1339 2291 1362 ,

215 1370 538 1428 damnatus
567 1368 905 1428 Lanuvium
934 1369 996 1428 in
1025 1369 1301 1429 exsilium
1329 1369 1491 1430 abiit.
1574 1369 1891 1444 Quinctius
1920 1377 2089 1430 sexto
2118 1371 2227 1430 de-

216 1449 372 1508 cimo
414 1448 514 1508 die·
540 1449 840 1508 dictatura
862 1449 924 1508 in
948 1466 1053 1510 sex
1074 1469 1311 1509 menses
1338 1455 1589 1530 accepta
1619 1470 1683 1508 se
1710 1449 2030 1508 abdicavit.
2110 1450 2227 1510 Per

217 1549 334 1588 eos·
351 1529 480 1587 dies
509 1529 715 1588 consul
744 1527 1007 1588 Nautius
1029 1531 1106 1590 ad
1127 1531 1379 1588 Eretum
1408 1549 1544 1588 eum
1569 1528 1801 1588 Sabinis
1825 1527 2057 1619 egregie
2076 1549 2225 1609 pug-

215 1615 363 1677 nat3
407 1607 484 1667 ad
512 1615 776 1668 vastatos
802 1629 974 1688 agros
1017 1629 1090 1669 ea
1134 1627 1375 1688 quoque
1420 1609 1623 1670 clades
1672 1615 1929 1667 accessit
1977 1606 2229 1677 Sabinis,

219 1688 496 1766 Minucio
526 1688 744 1748 Fabius
773 1687 1033 1762 Quintus
1063 1708 1374 1748 successor
1390 1687 1453 1746 in
1478 1688 1767 1768 Algidum
1792 1687 2025 1746 missus.
2106 1689 2238 1746 Ex*

217 1759 411 1828 tremo
438 1789 596 1828 anno
621 1767 910 1848 agitatum
938 1768 1014 1828 de
1055 1769 1186 1850 lege
1216 1770 1289 1827 ab
1314 1767 1687 1839 tribunis,est
1702 1788 1725 1838 3
1766 1768 1891 1837 sed,
1939 1767 2080 1847 quia
2108 1768 2229 1828 duo

219 1848 520 1913 exercitus
561 1851 826 1918 aberant,
869 1869 944 1909 ne
971 1849 1115 1928 quid
1147 1849 1401 1908 ferretur
1427 1848 1505 1909 ad
1532 1849 1839 1930 populum,
1883 1841 2095 1908 Patres
2118 1853 2229 1908 ·te-

219 1949 445 1988 nuere:
487 1929 694 2008 plebes
735 1927 897 1996 vicit,
939 1936 1014 1990 ut
1095 1929 1347 1990 uintum'
1376 1927 1615 1990 eosdem
1643 1928 1911 1990 tribunos
1940 1931 2231 1988 crearent.

222 2009 430 2088 Lupos
457 2011 614 2072 visos
641 2008 705 2068 in
724 2008 1023 2088 Capitolio
1075 2015 1251 2068 erunt
1272 2009 1307 2068 εἴ
1325 2009 1575 2068 canibus
1595 2009 1831 2090 fugatos
1856 2029 1873 2078 3
1916 2010 1988 2068 ob
2007 2008 2071 2066 id
2094 2027 2231 2089 pro·
2276 2031 2283 2036 ·

175 2131 180 2134 -
223 2087 284 2148 di
329 2089 449 2146 'um
475 2088 794 2148 lustratum
817 2088 1179 2169 Capitolium
1209 2108 1359 2148 esse.
1414 2086 1595 2148 'Haec
1624 2109 1693 2148 eo
1720 2107 1877 2148 anno
1902 2095 2089 2168 gesta.

365 2168 498 2227 XX.
541 2169 890 2247 Sequuntur
913 2169 1188 2228 consules
1216 2170 1289 2243 Q.
1309 2167 1641 2237 MinuciuS,
1669 2167 1742 2228 C.
1772 2167 2057 2227 Horatius
2077 2163 2231 2243 'Pul-

226 2247 428 2308 villuS.
511 2248 702 2328 Cujus
727 2248 898 2309 initio
927 2248 1066 2308 anni
1109 2269 1292 2327 quum
1333 2247 1479 2308 foris
1504 2249 1694 2307 otium
1722 2253 1901 2316 esset,
1948 2246 2109 2310 domi
2137 2266 2237 2306 se-

223 2327 486 2388 ditiones
511 2328 696 2387 iidem
722 2327 963 2400 tribuni,
991 2329 1200 2389 eadem
1222 2329 1320 2388 lex
1348 2328 1604 2388 faciebat
1626 2349 1643 2399 ;
1684 2328 2059 2405 ulteriusque
2087 2345 2237 2386 ven-

224 2413 359 2468 tum
400 2408 572 2477 foret,
619 2409 795 2488 (adeo
836 2415 1189 2468 exarserant·
1224 2407 1458 2489 animis)
1500 2409 1581 2478 ni,
1621 2409 1791 2467 velut
1818 2407 2023 2477 dedit-51
2052 2411 2234 2486 opera
2299 2452 2344 2462 .-

225 2493 522 2547 nocturno
563 2473 1171 2568 impetu‘AEquorum
1216 2487 1507 2549 Corbione
1562 2488 1841 2548 amissum
1887 2486 2237 2567 praesidium

229 2567 582 2628 nunciatum
610 2575 788 2626 esset.
869 2568 1154 2633 Senatum
1199 2569 1479 2628 consules
1505 2573 1737 2636 vocant,
1758 2570 2046 2646 jubentur
2074 2566 2237 2626 subi-

205 2646 448 2726 ³tarium
475 2645 732 2715 scribere
751 2645 1096 2715 exereitum,
1125 2655 1307 2726 atque
1335 2649 1400 2706 in
1429 2647 1715 2728 Algidum
1744 2649 1984 2708 ducere.
2066 2647 2237 2716 Inde,
2268 2685 2275 2692 -

225 2726 422 2808 posito
481 2726 631 2806 legis
673 2727 1035 2796 certamine,
1099 2747 1254 2787 nova
1299 2728 1377 2787 de
1427 2727 1667 2788 delectu
1732 2727 2035 2789 contentio
2090 2731 2239 2788 orta.

225 2807 721 2884 ‚Vineebaturque
762 2807 1080 2868 consulare
1105 2807 1418 2888 imperium
1448 2807 1762 2868 tribunicio
1786 2808 2024 2876 auxilio,
2052 2827 2239 2886 quum

229 2886 390 2946 alius
418 2885 660 2945 additus
690 2891 917 2946 terror:
961 2887 1241 2951 Sabinum
1273 2887 1599 2956 exercitum
1627 2889 1955 2966 praedatum
1985 2889 2239 2949 descen-

231 2965 394 3026 disse
419 2966 484 3024 in
509 2969 686 3045 agros
713 2967 1033 3035 RomanOS,
1085 2966 1229 3026 inde
1271 2967 1349 3025 ad
1390 2968 1594 3036 urbem
1637 2966 1857 3027 venire.
1939 2969 2002 3027 Is
2042 2973 2241 3026 metus

229 3045 512 3128 perpulit,
541 3051 610 3104 ut
636 3045 812 3106 scribi
844 3045 1096 3105 militem
1123 3045 1629 3124 tribuni-sinerent
1653 3067 1671 3118 3
1712 3068 1832 3108 non
1862 3047 1991 3106 sine
2012 3045 2241 3125 pactio-

230 3146 309 3186 ne
330 3132 552 3192 tamen,
591 3130 678 3193 ut,
719 3126 998 3204 quoniam
1026 3126 1142 3206 ipsi
1185 3125 1660 3206 quinquennium
1684 3127 1835 3186 elusi
1858 3131 2077 3194 essent,
2103 3143 2243 3204 par-f

153 3231 172 3249 ·
232 3225 496 3283 vumque
522 3205 586 3264 id
623 3205 781 3284 plebi
809 3202 1156 3286 ‘praesidium
1181 3207 1357 3275 foret,
1386 3207 1595 3266 decem
1616 3207 1837 3266 deinde
1863 3203 2087 3265 tribuni
2114 3204 2245 3284 ple·

233 3285 324 3346 bis
353 3291 718 3346 crearentur.
797 3285 1110 3366 Expressit
1147 3286 1261 3345 hoc
1305 3286 1631 3352 necessitas
1653 3285 1987 3354 ‚Patribus3
2026 3283 2089 3340 id
2119 3303 2245 3342 mo-

235 3365 315 3424 do
344 3383 655 3444 excepere,
683 3385 758 3426 ne
787 3373 995 3446 postea
1023 3366 1264 3425 eosdem
1292 3366 1559 3443 tribunos
1578 3369 1878 3446 juberent.
1959 3362 2245 3424 Tribuni-

124 3509 132 3516 ,
238 3444 336 3505 cia
364 3444 604 3504 comitia
635 3443 734 3524 (ue
759 3445 824 3504 id
853 3465 1090 3525 quoque
1117 3451 1253 3536 post
1268 3445 1523 3514 bellum,
1547 3455 1617 3503 ut
1653 3451 1875 3512 cetera,
1903 3463 2123 3504 vanum
2152 3463 2247 3504 es-

235 3524 357 3604 set)
391 3526 694 3604 extemplo
734 3523 951 3584 habita.
1032 3525 1369 3585 Tricesimo
1410 3529 1579 3584 sexto
1618 3543 1775 3582 anno
1820 3523 1857 3579 ὲ·
1892 3523 2098 3602 primis
2138 3522 2247 3581 tri-

143 3601 148 3608 ’
231 3605 414 3664 bunis
442 3603 654 3685 plebis,
703 3603 912 3662 decem
943 3605 1128 3662 creati
1155 3612 1315 3671 sunt,
1355 3603 1478 3664 bini
1524 3621 1598 3660 ex
1641 3597 1889 3678 singulis
1918 3603 2249 3665 classibus;

234 3682 448 3761 itaque
479 3689 722 3742 cautum
771 3687 1000 3751 est„ut
1040 3689 1247 3760 postea
1288 3687 1633 3749 crearentur
1737 3679 1988 3736 Delectu
2030 3675 2249 3734 deinde
2285 3684 2297 3746 2

233 3761 463 3836 habito,
491 3761 822 3837 MinuciuS,
865 3766 1076 3822 contra
1097 3760 1347 3820 Sab'mos
1372 3755 1695 3837 profectus,
1721 3773 1841 3813 non
1866 3753 2096 3815 invenit
2112 3749 2250 3804 hos-
