2400 4109
19 2201 33 2418 ——w--r--v
19 2105 29 2194 -νή
20 2085 24 2098 v
20 2007 37 2025 J
20 1987 22 2000 -

1034 144 1297 208 LIBER
1322 144 1442 207 111.
2102 146 2235 212 -167

233 306 504 381 Quarum
523 324 724 366 rerum
751 305 938 366 sivos
977 307 1231 368 taedium
1258 305 1503 386 tandem
1532 323 1743 388 capere
1770 310 1985 387 potest,
2029 311 2091 367 et
2128 325 2237 388 pe-

227 392 392 448 trum
421 393 768 466 vestrosque
797 385 1072 465 antiquos
1099 407 1293 446 mores
1318 387 1503 446 vultis
1530 407 1635 466 pro
1663 385 1755 448 his
1782 387 1953 446 novis
1982 405 2235 457 sumere,

227 465 401 526 nulla
441 467 734 546 supplicia
779 485 1010 534 recus0,
1066 463 1182 524 nisi
1228 467 1430 546 paucis
1472 467 1681 526 diebus
1722 467 1827 533 ho's
1856 468 2236 548 populatores

231 565 506 626 agrorum
531 553 866 607 nostrorum
891 547 1060 606 fusos
1087 546 1441 638 fugatosque
1468 545 1680 607 castris
1708 567 1943 616 exuero,
1962 554 2025 607 et
2044 551 2077 605 εἰ
2098 567 2237 627 por-

232 626 314 685 tis
355 625 573 686 nostris
601 625 1018 704 moenibusque
1065 625 1144 686 ad
1170 625 1423 688 illorum·
1446 630 1621 686 urbes
1663 625 1823 686 hunc
1861 626 2007 687 belli
2046 633 2237 686 terro-

231 725 380 775 rem,
407 726 526 785 quo
564 710 727 766 hunc
775 726 880 766 vos
909 705 1150 766 attoniti
1177 706 1341 777 estis,
1369 707 1793 766 transtulero-’⁹

317 787 542 844 LXIX.
581 786 744 844 Raro
771 785 921 845 alias
947 785 1169 845 tribuni
1195 787 1495 877 popularis
1514 787 1701 846 oratio
1728 783 2033 866 acceptior
2057 784 2239 866 plebi,

193 867 410 945 -quam
437 872 584 925 tunc
607 864 964 925 severissimi
991 866 1273 934 consulis,
1300 865 1435 924 fuit.
1490 867 1525 926 J
1530 872 1786 928 uventus
1812 885 2071 957 quoque,
2096 886 2238 946 quae

235 947 398 1006 inter
437 945 595 1004 tales.
635 951 826 1004 metus
865 931 1299 1005 detractionem
1350 945 1605 1015 militiae,
1656 946 1843 1013 telum
1884 965 2241 1006 acerrimum

230 1025 527 1085 adversus
567 1025 793 1115 Patres,
831 1025 1047 1084 habere
1074 1023 1253 1116 sol-ita·
1272 1031 1423 1116 erat,
1462 1045 1626 1116 arma
1667 1031 1730 1085 et
1752 1025 1973 1086 bellum
2002 1031 2237 1118 specta-

233 1107 383 1166 bat=
423 1111 486 1164 et
509 1110 831 1185 agrestium
853 1103 994 1197 fuga
1023 1105 1379 1184 spoliatique
1407 1125 1468 1164 m
1495 1125 1649 1186 agris
1677 1110 1739 1164 et
1762 1105 2076 1174 vulnerati,
2122 1103 2239 1165 foe-

145 1187 171 1266 J
237 1183 409 1244 diora
433 1183 526 1253 iis,
573 1203 710 1262 quse
751 1186 1217 1264 subjiciebantur
1242 1183 1451 1252 oculiS,
1498 1183 1875 1253 nuncianteS,
1914 1190 2095 1246 totam
2136 1203 2241 1242 ur·-

233 1266 372 1325 bem
402 1263 490 1323 ira
517 1263 857 1344 implevere.
943 1267 1335 1324 lutsenatum,
1356 1265 1459 1327 ubi
1486 1271 1733 1326 ventum
1762 1271 1871 1334 est,
1898 1263 1981 1326 ibi
2006 1265 2151 1324 vero
2175 1263 2241 1324 in

238 1343 586 1418 Quinctium
617 1365 820 1404 omnes
847 1345 1027 1414 versi,
1046 1350 1119 1404 ut
1136 1364 1321 1404 unum
1344 1345 1647 1408 vindicem
1670 1346 1783 1425 maj
1792 1345 2003 1404 estatis
2022 1346 2243 1404 Roma-

233 1443 329 1488 na:
361 1425 580 1484 intueri
601 1445 620 1494 ς
641 1425 1040 1505 'et‘primores
1069 1425 1317 1485 Petrum
1344 1437 1379 1462 “
1400 1425 1686 1506 dignam„
1723 1427 1924 1486 dicere
1950 1435 1985 1460 ‘⁶
2006 1423 2242 1484 concio·
2293 1433 2310 1448 ³

237 1523 378 1564 nem
417 1503 662 1584 imperio
699 1504 1024 1573 consulari,
1078 1504 1315 1586 dignam
1348 1511 1449 1571 ,tot
1497 1505 1901 1566 consulatibus
1930 1503 2244 1573 anteactiS,

236 1583 484 1666 dignam
510 1585 635 1644 vita
675 1585 855 1653 omni,
901 1585 1079 1663 plena
1105 1584 1393 1644 honorum
1442 1604 1605 1665 saepe
1650 1591 2002 1664 gestorum,⁴
2020 1581 2245 1663 saepius

239 1665 608 1726 meritorum.
691 1663 861 1722 Alios
889 1662 1164 1724 consules
1210 1671 1313 1724 aut
1351 1685 1459 1744 per
1499 1663 1891 1744 proditionem
1936 1663 2245 1746 dignitatis

238 1743 490 1804 Petrum
521 1742 677 1821 plebi
705 1741 998 1811 adulatos,
1027 1749 1130 1803 aut
1155 1746 1369 1805 acerbe
1396 1745 1621 1803 tuendo
1638 1745 1777 1824 jura
1804 1745 2028 1804 ordinis
2058 1751 2244 1823 dispe·-

236 1823 458 1884 riorem
485 1823 785 1882 domando
815 1822 1257 1884 multitudinem
1300 1823 1555 1884 fecisse:
1598 1825 1671 1882 T.
1721 1825 2069 1899 Quinctium
2110 1826 2244 1884 ora-

239 1902 468 1963 tionem
509 1900 826 1966 memorem
879 1903 1210 1984 majestatis
1260 1905 1523 1974 Patrum,
1576 1905 2030 1984 concordiaeque
2082 1903 2245 1964 ordi-

240 2003 407 2052 num,
436 1989 497 2042 et
525 1992 851 2063 temporum
873 1983 934 2042 in
961 1982 1160 2063 primis
1179 1983 1475 2044 habuisse.
1556 1986 1741 2044 Orare
1763 2005 1899 2044 eum
1924 1984 2245 2066 collegam-

235 2083 376 2142 que,
423 2075 496 2123 ut
523 2069 904 2144 capesserent
950 2063 1419 2142 rempublicam:
1459 2085 1630 2124 orare
1676 2065 1961 2132 tribunos,
2012 2072 2083 2124 ut
2123 2063 2247 2124 uno

225 2144 438 2207 ‚animo
466 2164 602 2202 cum
626 2142 967 2202 consulibus
989 2144 1213 2204 bellum
1246 2147 1319 2203 ab
1344 2147 1489 2204 urbe
1516 2164 1585 2202 ac
1614 2144 1914 2206 moenibus
1938 2143 2245 2224 propulsa-

173 2233 191 2244 ‘'
245 2223 299 2286 ri
325 2224 567 2292 vellent,
596 2223 948 2303 plebemque
977 2222 1348 2286 obedientem
1374 2224 1437 2282 in
1468 2245 1530 2285 re
1560 2231 1679 2284 tam
1706 2224 1943 2315 trepida
1972 2223 2247 2282 Patribus

244 2305 624 2384 praeberent:
667 2303 968 2383 appellare
993 2301 1268 2364 tribunos
1310 2324 1677 2364 communem
1709 2311 1975 2384 patriam,
2030 2303 2247 2366 auxili·

242 2403 468 2462 umque
495 2403 698 2444 eorum
726 2383 1058 2462 implorare,
1087 2382 1337 2456 vastatis
1366 2384 1539 2464 agria
1568 2385 1711 2443 urbe
1739 2385 1919 2464 propr}
1942 2403 2247 2464 oppugna-

242 2465 372 2524 ta.”
473 2464 794 2523 Consensu.
842 2463 1101 2522 omnium
1157 2463 1427 2523 delectus
1472 2463 1807 2523 decernitur
1862 2461 2249 2542 habeturque.

160 2549 168 2557 ‘
244 2544 450 2618 Quum
478 2542 754 2620 consules
780 2542 844 2601 in
887 2543 1170 2603 concione
1200 2544 1710 2623 pronunciassent,
1764 2545 2085 2636 “Tempus
2128 2563 2248 2605 non

239 2643 380 2684 esse
409 2643 618 2685 causas
648 2623 1042 2702 cognoscendi
1073 2643 1088 2693 ;
1131 2643 1337 2684 omnes
1374 2625 1644 2704 juniores
1674 2631 1907 2704 postero
1933 2625 2029 2686 die
2057 2624 2251 2706 prima

241 2703 386 2770 ,luce
414 2703 476 2762 in
507 2724 713 2783 campo
743 2703 966 2766 Martio
995 2705 1315 2773 adessent3
1357 2725 1427 2766 co
1469 2703 1786 2764 no—cendis
1805 2705 1997 2766 causis
2026 2726 2250 2780 eorum,

239 2783 350 2868 qui
377 2782 618 2845 nomina
645 2803 762 2842 non
791 2781 1118 2864 dedissent,
1142 2784 1301 2844 bel-lo
1330 2725 1593 2864 perssecto
1620 2804 1685 2853 se
1714 2786 1959 2844 daturos
1974 2792 2249 2866 tempus;

247 2865 357 2946 pro
380 2863 682 2930 desertore
712 2863 995 2932 futurum,
1039 2867 1215 2942 cujus
1244 2883 1364 2924 non
1389 2867 1738 2944 probassent
1765 2885 2001 2925 causam
2020 2869 2081 2924 θ’
2124 2887 2252 2926 om·-

247 2944 343 3008 nis
362 2946 657 3025 juventus·
689 2943 886 3010 adfuit
905 2950 1142 3022 postero
1168 2942 1268 3002 die
1364 2943 1655 3004 cobortes
1686 2945 1794 3004 sibi
1822 2965 2076 3024 quaeque
2107 2965 2251 3005 cen-

243 3025 514 3085 turiones
541 3023 854 3104 legerunt:
895 3023 1019 3088 bini
1048 3035 1353 3082 senatores
1376 3023 1624 3104 singulis
1652 3025 1987 3084 cohortibus
2015 3044 2250 3104 praepo-

249 3105 370 3166 siti.
434 3106 590 3163 Haec
620 3103 816 3165 omnia
843 3103 996 3165 adeo
1021 3105 1247 3167 maturet
1280 3103 1543 3184 perfecta
1570 3105 1929 3185 accepimuS,
1972 3114 2041 3162 ut
2062 3105 2252 3184 signa,

245 3205 318 3246 eo
343 3185 476 3266 ipso
522 3183 620 3244 die
670 3185 703 3242 ἃ
731 3183 1128 3262 quaestoribus
1170 3203 1247 3247 ex
1267 3183 1477 3245 aerario
1516 3194 1787 3266 prompta
1828 3181 2146 3262 delataque
2186 3182 2253 3242 in

251 3285 551 3346 campum,
578 3271 792 3346 quarta
817 3263 940 3323 diei
965 3263 1108 3326 hora
1136 3269 1295 3325 mota
1322 3284 1396 3324 ex
1414 3285 1621 3346 campo
1644 3266 1805 3324 sint:
1834 3262 2255 3341 exercitusque

249 3366 462 3414 novuS,
490 3345 696 3424 paucis
725 3343 1060 3408 cohortibus
1087 3349 1360 3406 veterum
1382 3343 1636 3408 militum
1656 3343 1967 3404 voluntate
1995 3361 2253 3420 sequen·-

246 3427 428 3494 tibus‚
483 3425 768 3486 manserit
791 3426 866 3484 ad
895 3423 1192 3494 decimum
1216 3423 1491 3504 lapidem.
1577 3427 1913 3500 Insequens
1936 3421 2067 3482 dies
2118 3424 2257 3484 hos·—
2308 3459 2318 3472 ·

247 3513 372 3568 tem
400 3505 468 3566 in
518 3511 902 3584 conspectum
949 3504 1136 3572 dedit,
1193 3512 1509 3581 castraque
1536 3505 1612 3564 ad
1642 3502 1997 3561 Corbionem
2042 3503 2255 3564 castris

245 3594 393 3660 sunt
422 3587 762 3665 conjuncta.
843 3583 1054 3644 Tertio
1080 3583 1197 3653 die,
1220 3603 1405 3661 quum
1430 3585 1519 3642 ira
1544 3581 1863 3645 Romanos,
1888 3579 2045 3650 illos,
2070 3601 2256 3660 quum

251 3665 430 3726 toties
459 3663 876 3732 rebellassenu-
895 3663 1263 3722 conscientia
1291 3663 1487 3742 culpae
1515 3680 1588 3722 ac
1614 3658 1953 3738 desperatio
1976 3659 2257 3724 irritaret,
2284 3717 2289 3720 .

243 3765 418 3816 mora
442 3743 783 3811 demicandi
811 3743 980 3808 nulla
1005 3747 1106 3809 est,
1125 3743 1305 3806 facta,
2000 3745 2006 3751 ’
