2400 4109
227 161 344 226 199.
1077 157 1155 220 Τ.
1181 153 1397 220 len

223 321 454 404 placuit
479 341 499 378 ε
539 316 699 400 quia,
725 317 841 379 etsi
869 332 1026 400 s'aepe
1053 317 1199 378 victi
1240 304 1461 400 populi,
1500 311 1722 398 majore
1749 319 2220 390 tamen-conatu,

199 421 406 481 ‘quam
453 401 602 460 alias
649 418 930 478 unquam,
976 398 1337 458 rebellarent
1364 419 1379 456 z
1422 404 1485 458 et
1528 397 1903 476 aliquantum
1930 397 2221 459 Romana

214 479 552 562 juventutis
579 483 782 540 morbo
800 482 1170 557 absumptum
1193 483 1326 537 erat
1354 499 1373 547 3
1413 483 1555 538 ante
1576 477 1774 537 omnia
1796 476 2063 556 pravitas·
2078 497 2224 538 con-

216 560 424 620 sul-um
451 556 866 638 discordiaque
894 558 1052 616 inter
1077 557 1259 638 ipsoS,
1281 563 1342 617 et
1364 557 1691 618 certamina
1718 556 1780 616 in
1804 555 2071 616 consiliis
2094 577 2223 617 om-

221 637 397 715 nibus
423 649 743 700 terrebant.
825 639 997 706 Sunt,
1041 638 1146 716 qui
1186 637 1341 697 male}
1381 635 1707 718 pugnatum
1736 639 1809 696 ab
1836 635 1927 695 his
1956 637 2221 696 consuli-

221 721 332 779 bus
368 719 432 778 in
461 718 680 799 Algido
706 724 979 776 auctores
1020 717 1162 786 sint,
1189 737 1439 796 eamque
1467 734 1707 779 causam
1736 716 2045 776 dictatoris
2090 737 2219 777 cre-

223 799 367 860 andi
392 797 596 858 fuisse.
677 797 840 856 Illud
862 796 1012 861 satis
1035 803 1289 866 constat,
1312 797 1387 856 ad
1410 796 1527 856 alia
1548 795 1853 856 discordes
1880 796 1943 855 in
1964 816 2089 856 uno
2114 797 2219 856 ad-

221 897 432 938 versus
459 879 703 936 Patrum
724 878 1094 937 voluntatem
1122 875 1519 946 consensisse,
1558 896 1636 935 ne
1665 875 1936 936 dicerent
1964 877 2219 938 dictato-

219 977 347 1019 rem
371 977 388 1016 z
429 957 640 1026 donec,
681 976 864 1035 quum
894 956 1012 1020 alia
1051 956 1186 1017 aliis
1213 955 1567 1016 terribiliora
1592 956 1988 1027 adferrentur,
2014 977 2131 1017 nec
2156 957 2219 1018 in

216 1037 572 1098 auctoritate
620 1043 869 1097 senatus
913 1037 1188 1098 consules
1232 1027 1451 1105 essen't,
1506 1037 1578 1110 Q.
1622 1035 1912 1096 Servilius
1957 1037 2220 1109 Priscus,
2261 1083 2265 1089 .
2360 1041 2362 1056 ⁴

219 1115 464 1188 summis
491 1116 810 1176 honoribus
831 1116 1063 1198 egregie
1084 1135 1247 1186 usus,
1276 1127 1310 1152 “
1333 1117 1519 1185 Vos,”
1545 1115 1757 1194 inquit,
1785 1128 1821 1152 “
1842 1116 2069 1177 tribuni
2090 1117 2218 1198 ple·

217 1195 328 1264 bis,
355 1196 636 1276 quoniam
663 1197 740 1256 ad
767 1203 1036 1256 extrema
1066 1202 1311 1256 ventum
1342 1202 1452 1266 est,
1479 1205 1723 1256 senatus
1750 1197 2031 1276 appellat,
2062 1205 2131 1257 ut
2156 1197 2219 1258 in

217 1281 393 1339 tanto
429 1275 772 1336 discrimine
801 1275 1146 1356 reipublicae
1175 1275 1529 1336 dictatorem
1556 1275 1759 1362 dicere
1788 1277 2067 1338 consules
2114 1299 2219 1358 pro

261 1361 515 1416 otestate
541 1360 741 1432 vestra
767 1353 1056 1437 cogatis.”
1139 1355 1275 1428 Qua
1301 1375 1447 1416 voce
1466 1355 1689 1425 audita,
1712 1355 2091 1416 occasionem
2116 1361 2220 1418 ob-

243 1441 402 1497 atam
429 1435 544 1496 rati
569 1435 794 1496 tribuni
834 1435 1125 1515 augendoe
1151 1434 1469 1516 potestatis
1498 1435 1807 1505 secedunt,
1834 1457 2067 1517 proque
2096 1438 2218 1498 col-

215 1517 373 1598 legio
398 1515 815 1597 pronunciant,
857 1527 890 1552 “
908 1515 1166 1596 placere,
1194 1516 1471 1576 consules
1500 1517 1733 1576 senatui
1760 1515 1922 1577 dicto
1964 1516 2216 1578 audien·
2310 1542 2316 1548 ·

215 1603 312 1658 tes
359 1615 528 1657 esset
571 1586 622 1656 s'i
666 1595 952 1656 adversus
999 1615 1357 1656 consensum
1398 1595 1749 1676 amplissimi
1788 1595 2013 1658 ordinis
2044 1598 2217 1659 *ultra

215 1675 492 1746 tendant,
519 1677 581 1736 in
609 1675 851 1737 vincula
877 1695 942 1735 se
969 1675 1112 1735 duci
1138 1696 1239 1736 eos
1258 1677 1597 1756 jussuros.”
1680 1676 1975 1737 Consules
2004 1680 2082 1738 ab
2108 1678 2216 1738 tri-

214 1755 408 1825 bunis,
435 1757 614 1836 quam
637 1758 710 1818 ab
737 1761 976 1824 senatus
996 1755 1158 1816 vinci
1203 1757 1545 1816 maluerunt
1572 1777 1589 1826 3
1630 1747 1985 1836 “proditum
2036 1759 2075 1818 εἰ
2102 1759 2217 1820 Pa·
2302 1823 2310 1832 ,

212 1836 406 1899 tribus
453 1835 668 1896 summi
694 1835 924 1915 imperii
943 1838 1084 1916 juS„
1115 1836 1440 1915 datumque
1485 1839 1593 1896 sub
1632 1837 1845 1918 jugum
1871 1837 2213 1900 tribuniciae

213 1915 496 1998 potestati
526 1916 947 1976 consulatum”
977 1922 1370 1976 memorantes
1399 1937 1419 1987 3
1458 1928 1493 1954 “
1516 1916 1811 1996 siquidem
1831 1917 1962 1999 cogi
1982 1918 2215 1999 aliquid

149 2003 156 2010 ‘
213 2015 320 2078 pro
345 2000 642 2076 potestate
667 1998 741 2055 ab
767 1994 1004 2055 tribuno
1033 1996 1328 2065 consules,
1353 2001 1438 2056 *et
1468 1995 1608 2076 (quo
1636 1997 1783 2088 quid
1811 1998 2067 2058 ulterius
2094 1999 2215 2080 pri-

213 2083 354 2136 vato
377 2076 706 2138 timendum
732 2075 888 2134 foret
909 2075 956 2158 P)
975 2075 1045 2134 in
1072 2075 1315 2136 vincula
1332 2076 1527 2140 etiam,
1536 2075 1677 2136 duc1
1700 2079 2005 2157 possent-’⁹
2052 2081 2214 2149 SorS,

213 2161 284 2216 ut
323 2157 678 2216 dictatorem
707 2155 956 2224 diceret,
1008 2155 1169 2235 (nam
1197 2175 1274 2216 ne
1340 2155 1405 2218 id
1460 2157 1701 2236 quidem
1739 2157 1898 2233 inter
1952 2157 2215 2241 collegas

217 2237 599 2318 convenerat)
631 2238 708 2294 T.
727 2235 1008 2310 Quinctio
1031 2236 1268 2306 evenit3
1294 2237 1347 2295 is
1366 2239 1441 2296 A.
1460 2237 1833 2297 Postumium
1856 2239 2213 2310 Tubertum,

215 2337 487 2377 socerum
516 2336 708 2385 suum,
751 2314 1110 2375 severissimi
1136 2316 1372 2397 imperii
1398 2317 1607 2386 virum,
1635 2317 1989 2378 dictatorem
2018 2319 2213 2380 dixit:

214 2399 288 2457 ab
315 2417 385 2458 eo
415 2399 488 2456 L.
507 2396 704 2456 Julius
730 2395 1012 2476 mgister
1038 2395 1304 2474 equitum
1333 2403 1425 2456 est
1450 2396 1649 2458 dictus
1671 2418 1689 2467 3
1731 2397 1909 2457 simul
1951 2398 2213 2460 edicitur

213 2484 274 2538 et
293 2475 600 2557 justitium
625 2497 641 2534 ε
682 2495 878 2554 neque
927 2476 1088 2535 aliud
1114 2480 1245 2534 tota
1266 2479 1410 2536 urbe
1436 2477 1550 2558 agi,
1576 2497 1754 2556 quam
1776 2478 1999 2538 bellum
2026 2499 2209 2560 appa-

211 2558 332 2617 rari
359 2577 376 2615 z
423 2555 680 2636 cognitio
699 2556 1040 2630 vacantium
1065 2553 1296 2614 militiae
1326 2577 1569 2617 munere
1594 2564 1731 2638 post
1754 2557 1977 2618 bellum
2006 2560 2207 2618 differ-

209 2642 311 2696 tur
339 2657 357 2706 3
397 2637 482 2696 ita
507 2637 673 2695 dubii
700 2655 936 2716 quoque
981 2634 1279 2694 inclinant
1304 2635 1380 2694 ad
1408 2637 1649 2698 nomina
1674 2637 1875 2698 danda
1902 2659 1920 2708 ;
1961 2643 2023 2698 et
2050 2641 2231 2706 Her-,

211 2716 364 2776 uicis
392 2716 748 2796 Latinisque
775 2715 993 2776 milites
1019 2713 1295 2795 imperati
1317 2734 1337 2785 ;
1376 2711 1657 2796 utrinque
1684 2717 1857 2778 enixe
1904 2717 2204 2778 obeditum

210 2796 488 2858 dictatori
517 2803 627 2857 est.
1424 2835 1429 2840 -

238 2922 248 2932 .
291 2878 550 2938 XXVII.
595 2877 742 2937 Haec
770 2876 966 2938 omnia
993 2875 1549 2958 celeritatessingenti
1578 2882 1715 2936 acta
1742 2897 1759 2935 ε
1784 2877 2112 2958 relictoque
2131 2878 2201 2937 C.

208 2959 243 3020 J
247 2958 368 3019 ulio
391 2959 634 3022 consule
661 2957 738 3018 ad
802 2955 1105 3016 roesidium
1133 2956 1313 3027 urbiS,
1354 2965 1419 3017 et
1445 2957 1518 3016 L.
1543 2959 1577 3018 J
1582 2957 1704 3016 ulio
1730 2957 2007 3038 magistro
2036 2956 2202 3038 equi-

207 3046 339 3100 tum
367 3037 443 3099 ad
463 3038 656 3098 subita
680 2978 826 3097 beili
849 3036 1196 3108 ministeria,
1238 3058 1315 3098 ne
1341 3057 1461 3116 qua
1485 3056 1599 3106 ree,
1648 3044 1769 3115 qua
1798 3037 2100 3129 eguissent
2137 3036 2199 3096 in

211 3119 442 3188 castris,
487 3124 832 3186 moraretur,
883 3115 1160 3187 dictator,
1199 3123 1476 3198 praeunte
1504 3118 1581 3176 A.
1610 3116 1891 3177 Corneho
1918 3117 2202 3198 pontifice.

207 3200 482 3268 maximo,
523 3198 696 3258 ludos
723 3217 969 3278 magnos
994 3197 1291 3258 tumultus
1318 3203 1502 3257 causa
1528 3196 1693 3256 vovit
1720 3217 1737 3254 ε
1778 3197 2199 3278 profectusque

205 3283 281 3340 ab
327 3277 488 3348 u'rbe,
521 3277 728 3338 'diviso
755 3297 891 3338 cum
940 3277 1223 3351 Quinctio
1264 3278 1508 3338 consule
1550 3277 1838 3348 exercitu,
1882 3279 1960 3338 ad
2000 3278 2198 3338 hostes

247 3358 497 3418 ervenit.
579 3357 750 3418 Sicut
774 3354 914 3428 ,bina
942 3363 1138 3418 castra
1183 3357 1458 3426 hostium,
1505 3363 1689 3437 par'vo
1717 3357 1874 3418 inter
1900 3377 1966 3418 se
2008 3355 2197 3440 spatio

203 3378 510 3506 gistantia,
535 3437 828 3507 viderant,
865 3437 980 3518 ipsi
1006 3457 1243 3516 quoque
1269 3436 1435 3517 mille
1460 3437 1646 3496 ferme
1673 3457 1885 3518 passus
1912 3440 1987 3498 ab
2012 3438 2197 3506 hoste,

203 3513 462 3574 dictator-
487 3517 774 3586 Tusculo,
801 3516 1009 3576 consul
1040 3515 1333 3584 Lanuvio,
1386 3517 1721 3598 propiorem
1749 3517 1939 3578 locum
1984 3515 2197 3576 castris

205 3601 511 3676 ceperunt.
593 3599 690 3656 Ita
711 3603 964 3675 quatuor
984 3595 1301 3664 exercituS,
1326 3596 1577 3672 totidem
1598 3597 1978 3664 munimenta,
2000 3595 2197 3674 plani-

94 3711 98 3715 .
201 3668 346 3722 ‘nem
375 3667 437 3726 in
467 3674 680 3742 medio,
733 3695 854 3734 non
897 3675 1101 3756 parvis
1135 3675 1313 3734 modo
1356 3676 1797 3736 excursionibus
1846 3673 1922 3746 ad
1962 3674 2195 3753 proelia,

203 3742 312 3798 sed
351 3746 450 3801 vel
476 3749 552 3806 ad
579 3753 968 3830 explicandas
991 3755 1463 3833 utrinque'acies
1490 3755 1635 3816 satis
1660 3759 1981 3835 patentem,
2017 3752 2197 3818 habe-

349 4051 582 4078 a..
