2400 4109
1016 152 1287 220 ‘LIBER
1314 158 1423 218 lv.
1792 239 1797 248 .
1868 243 1880 255 ⁹
2102 165 2218 228 189

221 325 359 376 nam
385 315 596 378 adesse
633 317 852 397 jubet3
931 315 1343 410 uibuscunque
1383 318 1541 380 'vires
1569 323 1963 412 suppetebant
2001 321 2079 382 ad
2120 343 2217 384 ar·-
2264 391 2269 396 ,

95 465 106 470 ἡ
215 413 314 456 ma
360 396 625 466 ferenda,
667 402 883 477 praesto
935 417 1074 458 uere
1104 418 1122 456 z
1163 417 1331 478 signa
1357 415 1431 458 ex
1458 417 1669 460 serario
1707 409 1981 482 prompta
2002 402 2215 462 ferun-

216 481 323 536 tur
371 477 450 536 ad
489 477 861 540 dictatorem.
942 476 1092 551 Quae
1133 497 1317 557 quum
1356 485 1691 558 agerentur,
1742 481 1941 542 hostes
1986 482 2049 540 in
2079 481 2215 543 loca

214 555 430 616 altiora
473 575 824 617 concessere
852 577 870 627 3
913 557 985 634 eo
1013 555 1273 617 dictator
1387 558 1545 618 >mine
1592 559 1811 620 infesto
1853 559 2057 620 subiti
2097 581 2215 622 nec

213 636 424 714 procul
465 637 770 697 Nomento
823 635 1008 716 signis
1053 634 1306 705 collatiS,
1384 638 1518 698 udit
1564 639 1853 700 Etruscas
1906 640 2215 720 legionesz

218 716 508 796 compulit
559 717 701 776 inde
744 717 808 776 in
861 719 1064 776 urbem
1089 715 1397 785 ‘FidenaS,
1461 717 1748 798 valloque¹
1800 719 2214 781 circumdedit.

217 793 340 853 Sed
383 816 578 876 neque
615 795 796 857 scalis
851 794 983 875 capi
1021 799 1257 876 poterat
1294 799 1433 856 urbs
1473 798 1595 859 alta
1621 804 1683 860 et
1707 799 1979 870 munita3
2018 819 2216 879 nequo

209 873 278 934 in
318 875 624 936 obsidione
651 876 740 936 vis
768 876 893 936 ulla
934 880 1098 944 erat,·
1134 876 1278 953 quia
1301 875 1665 937 frumentum
1716 888 1836 944 non
1864 879 2214 940 necessitati

207 955 392 1013 modo
409 956 574 1026 satiS,
627 956 732 1016 sed
775 955 963 1036 copiae
1006 975 1263 1034 quoque,
1304 955 1565 1016 abunde
1588 995 1593 998 -
1618 978 1694 1017 ex
1740 959 1879 1019 ante
1926 963 2215 1019 convecto
2262 1031 2308 1042 μ

221 1033 574 1095 sufficiebat.
652 1035 768 1105 Ita,
791 1035 1170 1118 expugnandi
1252 1034 1435 1094 ariter
1462 1037 1828 1116 cogendique
1854 1037 1931 1098 ad
1958 1037 2217 1116 deditio-

208 1124 350 1175 n'em
380 1130 484 1194 spe
511 1114 760 1184 amissa,
809 1115 1065 1176 dictator
1102 1115 1168 1173 in
1234 1113 1375 1184 ocis,
1426 1122 1668 1196 propter
1706 1117 2213 1197 propinquitatem

209 1192 390 1262 notiS,
437 1197 510 1254 ab
537 1199 744 1256 aversa
769 1201 938 1275 parte
965 1194 1126 1255 urbis
1168 1193 1425 1256 maxime
1450 1195 1761 1276 neglecta,
1808 1197 1950 1275 quia
1994 1203 2213 1289 suapte

18 1317 21 1344 ,
123 1294 145 1306 ‘
207 1278 423 1333 natura
452 1273 752 1336 tutissima
777 1281 923 1344 erat,
967 1293 1142 1366 agere
1180 1273 1244 1332 in
1273 1293 1472 1352 arcem
1514 1275 1861 1334 cuniculum
1902 1275 2213 1348 institu1t;

205 1349 230 1410 i
273 1371 356 1422 se,
401 1353 821 1414 diversissimis
868 1355 1017 1414 locis
1046 1354 1357 1414 subeundo
1396 1353 1477 1414 ad
1516 1355 1739 1416 moenia
1785 1355 2215 1434 quadrifariam

207 1373 398 1492 diviso
426 1433 715 1502 exercitu,
739 1434 843 1512 qui
869 1433 972 1494 alii
1003 1432 1136 1493 aliis
1164 1433 1563 1494 succederent
1604 1435 1682 1494 ad
1698 1453 1976 1514 pugnam,
2019 1434 2213 1494 conti-

205 1512 378 1572 nenti
415 1513 515 1572 die
542 1533 614 1574 ac
643 1520 819 1574 nocte
846 1512 1064 1593 proelio
1091 1514 1164 1574 ab
1191 1531 1373 1571 sensu
1400 1512 1593 1590 operis
1617 1515 1819 1574 hostes
1860 1517 2165 1575 avertebat
2192 1533 2211 1576 z

201 1593 414 1662 donec,
467 1592 735 1672 perfosso
764 1593 801 1650 -ἒι
829 1591 1040 1651 castris
1081 1595 1303 1658 monte,
1346 1595 1545 1652 erecta
1583 1590 1646 1650 in
1690 1612 1885 1652 arcem
1934 1592 2033 1654 via
2074 1597 2207 1664 ests

199 1671 570 1750 intentisque
609 1670 884 1732 Etruscis
923 1671 999 1729 ad
1041 1681 1227 1730 vanas
1270 1670 1311 1728 εὶ
1334 1675 1495 1730 certo
1521 1670 1787 1748 periculo
1826 1671 2035 1742 minas,
2084 1673 2211 1732 cla-

202 1770 337 1810 mor
363 1769 542 1842 supra
569 1755 752 1830 caput
789 1749 1021 1810 hostilis
1048 1755 1285 1828 captam
1328 1751 1532 1809 urbem
1560 1750 1843 1812 ostendit.
1922 1753 2013 1812 Eo
2052 1767 2213 1813 anno

209 1831 284 1890 C.
311 1833 524 1893 Funus
569 1829 808 1890 Pacilus
837 1835 901 1889 et
940 1829 1032 1888 M.
1061 1828 1365 1908 Geganius
1394 1828 1740 1889 Macerinus
1788 1849 2063 1892 censores
2090 1832 2209 1892 vil-

205 1909 332 1970 lam
358 1909 652 1990 publicam
676 1910 740 1970 in
768 1929 975 1990 campo
1001 1909 1233 1971 Martio
1259 1909 1657 1988 probaverunt
1683 1930 1703 1982 3
1726 1909 1927 1989 ibique
1946 1911 2213 1992 primum·
2244 1950 2255 1963 ·

205 2007 425 2050 census
443 1990 648 2071 populi
675 1995 768 2052 est
787 1997 976 2051 actus.

189 2083 204 2134 ·,
244 2071 249 2074 ’
283 2069 520 2129 XXIII.
559 2071 820 2131 Eosdem
853 2070 1138 2131 'consules
1164 2069 1503 2151 insequenti
1529 2090 1687 2132 anno
1726 2071 2003 2140 refectos,
2048 2070 2205 2132 Juli-

205 2169 311 2210 um
363 2149 626 2220 tertium,
709 2148 1045 2232 virginium
1097 2149 1335 2220 iterum,
1386 2171 1423 2210 a
1462 2151 1549 2209 ud
1588 2151 1865 2210 Macrum
1907 2149 2209 2214 Licinium

200 2229 460 2290 invenio.
567 2228 847 2290 Valerius
889 2229 1108 2290 Antias
1155 2235 1223 2288 et
1262 2230 1334 2304 Q.
1375 2168 1615 2292 Tiibero
1662 2230 1755 2291 M.
1796 2229 2097 2290 Manlium
2142 2234 2211 2290 et

205 2309 276 2383 Q.
319 2309 650 2390 Sulpicium
698 2310 972 2370 consules
1013 2308 1076 2368 in
1119 2329 1257 2370 eum
1298 2329 1519 2370 annum
1558 2309 1748 2369 edunt
1768 2328 1789 2379 ς
1832 2309 2099 2369 ceterum
2138 2309 2205 2369 in

201 2393 326 2449 tam
353 2389 732 2469 discrepante
762 2389 1024 2455 editione
1051 2393 1114 2448 et
1139 2388 1381 2448 Tubero
1424 2394 1488 2449 et
1524 2387 1738 2454 Macer
1778 2387 1961 2448 libros
1987 2387 2205 2450 linteos

197 2483 474 2528 auctores
528 2469 927 2552 profitentur:
994 2481 1227 2537 neuter,
1292 2466 1559 2537 tribunos
1614 2466 1869 2527 militum
1924 2487 1993 2528 eo
2047 2487 2204 2531 auno

198 2549 408 2618 fuisse,
461 2547 749 2609 traditum
793 2549 828 2607 εἰ
867 2545 1253 2628 scriptoribus
1296 2546 1560 2626 antiquis
1600 2546 1956 2608 dissimulat.
2037 2545 2205 2607 Lici-

197 2627 300 2688 nio
347 2628 540 2691 libros,
571 2628 732 2688 haud
773 2627 950 2688 dubie
992 2625 1161 2706 sequi
1201 2625 1419 2687 linteos
1458 2627 1696 2706 placet:
1736 2631 1799 2686 et
1826 2626 2067 2694 Tubero
2106 2627 2203 2686 in·

199 2714 402 2768 certus
453 2707 579 2768 veri
625 2713 765 2778 est3
833 2707 938 2768 sed
985 2706 1145 2767 inter
1197 2713 1415 2782 cetera,
1474 2711 1775 2768 vetustate
1814 2705 2201 2787 incomperta,

195 2786 305 2848 hoc
359 2797 616 2867 quoque
649 2788 715 2848 in
762 2788 990 2848 incerto
1033 2786 1311 2867 positum.
1391 2785 1789 2864 Trepidatum
1840 2785 1907 2846 in
1956 2785 2201 2848 Etruria

145 2883 154 2894 ·
197 2873 294 2928 est
331 2873 466 2948 post
513 2867 772 2928 Fidenas
815 2872 1040 2947 captas,
1091 2885 1213 2926 non
1266 2865 1619 2946 Vejentibus
1663 2865 1860 2924 solum
1898 2864 2201 2928 exterritis

195 2952 362 3008 metu
413 2947 625 3007 similis
665 2946 884 3006 excidii
925 2945 1032 3006 sed
1061 2945 1239 3014 etiam
1282 2943 1535 3002 Faliscis
1580 2944 1867 3006 memoria
1916 2945 2049 3005 initi
2075 2943 2203 3025 pri-

193 3027 296 3087 mo
341 3047 476 3087 cum
517 3026 592 3086 iis
618 3025 761 3087 belli
791 3046 807 3086 z
848 3043 1193 3105 quanquam
1242 3022 1669 3084 rebellantibus
1716 3043 1837 3082 non
1865 3023 2202 3084 adfuerant..

191 3106 387 3188 Igitur
415 3124 601 3187 quum
629 3108 766 3167 duae
799 3105 1090 3173 civitates,
1137 3103 1194 3163 le
1242 3102 1357 3162 atis
1402 3103 1565 3162 circa
1603 3103 1921 3164 duodecim
1946 3100 2197 3183 populos

195 3186 428 3256 missi&⁷
469 3187 910 3267 impetrassent,
955 3190 1026 3244 ut
1065 3183 1179 3242 ad·
1242 3183 1531 3242 cltumnae
1586 3181 1789 3248 fanum
1830 3181 2199 3241 indiceretur

193 3269 358 3328 omni
386 3267 648 3328 Etruriae
691 3265 1009 3326 concilium
1039 3283 1070 3332 ς.
1098 3261 1267 3323 velut
1294 3281 1505 3342 magno
1544 3261 1688 3321 inde
1714 3260 1975 3322 tumultu
2002 3257 2202 3318 immi·

191 3354 400 3415 neme,
423 3349 697 3407 *senatus
737 3346 928 3405 Mam.
954 3341 1273 3402 AEmilium
1300 3341 1653 3402 dictatorem
1680 3341 1896 3400 iterum
1922 3338 2044 3398 dici
2062 3340 2197 3418 jus-

187 3425 270 3488 sit
295 3447 314 3498 3
356 3429 429 3488 ab
455 3447 526 3486 eo
553 3427 631 3484 A.
657 3424 998 3485 Postumius
1023 3422 1329 3482 Tubertus
1358 3421 1637 3500 magister
1662 3418 1930 3498 equitum
1952 3423 2047 3478 est
2066 3418 2195 3480 die-

188 3513 290 3568 tus
321 3527 340 3577 3
380 3506 724 3585 bellumque
765 3509 934 3564 tanto
961 3503 1202 3581 majore,
1240 3501 1426 3580 'quam
1452 3499 1737 3578 proximo,
1764 3503 1981 3556 conatu
2010 3518 2195 3579 appa·

188 3591 388 3647 ratum
432 3592 544 3656 est,
571 3591 798 3664 quanto
862 3583 958 3641 lus
985 3587 1117 3642 erat
1141 3583 1215 3643 ab
1242 3579 1404 3640 omni
1422 3577 1662 3638 Etruria
1700 3574 1972 3654 periculi,
2012 3579 2192 3656 quam

195 3667 272 3726 ab
299 3665 530 3726 duobus
556 3664 792 3746 populis
845 3665 1034 3720 uerat.
1065 3710 1071 3712 .
1680 3680 1685 3685 ·
1714 3707 1718 3712 .
1742 3729 1758 3744 ·
2126 3727 2141 3740 ο

279 3745 506 3806 XXIV.
547 3747 641 3807 Ea
681 3763 776 3804 res
804 3739 1111 3819 aliquanto
1134 3734 1581 3819 exspectatione
1596 3749 1863 3792 omnium
1904 3726 2199 3805 tranqmb

192 3823 312 3889 lior
357 3823 492 3886 fuit.
573 3824 790 3908 Itaque
817 3814 1460 3908 quumreuu‘nciatum,
1492 3811 1529 3871 εὶ
1554 3808 1977 3879 mercatoribus
2018 3803 2194 3864 osset·
