2400 4109
20 772 28 853 ἰ

19 930 39 953 Ι

20 963 30 1019 Γ

873 96 882 103 ’
913 187 916 190 ,
1019 134 1283 195 LIBER
1310 136 1394 196 11.
2040 157 2051 168 -
2132 140 2211 199 69

205 294 590 375 sospitesque
619 313 825 355 omnes
864 294 1115 354 Romam
1154 295 1234 356 ad
1274 294 1635 377 propinquos
1676 294 1959 357 restituit.
2038 296 2217 372 Quod

202 374 312 435 ubi
340 374 469 455 regi
507 374 856 435 nunciatum
897 380 1008 443 est,
1067 375 1257 453 primo
1296 376 1579 435 incensus
1617 375 1729 446 ira,
1768 384 2031 438 oratores
2094 379 2212 437 Ro·

191 463 372 515 mam
399 454 564 515 misit
588 454 668 515 ad
709 454 990 514 Cloeliam
1015 454 1276 516 obsidem
1316 456 1798 537 deposcendam3
1864 458 2013 517 alias
2054 457 2215 519 haud

105 552 108 555 ·
201 533 416 615 magni
457 533 656 595 facere
679 555 697 605 ;
737 532 957 595 deinde
982 533 1045 593 in
1087 535 1535 597 admirationem
1561 538 1790 606 versuS,
1814 548 1851 573 ‘⁶
1874 538 2066 617 Supra
2092 538 2211 599 Co·

205 615 390 675 clites
417 614 825 693 Muciosque„
854 613 1055 674 dicere·
1097 625 1138 699 “.
1154 615 1219 674 id
1244 615 1477 675 facinus
1504 619 1703 685 esse,”
1744 622 1809 676 et
1833 638 1958 697 prae
2003 636 2067 678 se
2093 616 2212 679 fer-

199 713 292 763 re,
312 707 351 732 ‘⁶
373 695 894 773 quemadmodum,
933 694 986 755 si
1011 715 1132 755 non
1159 694 1412 755 dedatur
1438 699 1625 765 obsce,
1652 707 1761 779 pro
1786 704 1964 777 rupto
1992 716 2057 757 se
2097 695 2211 758 foe-

118 822 125 828 .
205 775 328 835 dus
369 774 745 846 habiturum3
789 776 899 835 -sic
939 774 1226 845 deditam,
1265 774 1608 836 inviolatam
1650 778 1726 836 ad
1755 795 1893 837 suos
1934 775 2213 837 remissu-

205 856 409 916 rum-’⁹
491 856 798 936 Utrinque
825 855 1093 916 constitit
1112 856 1267 916 fides
1291 874 1307 925 ;
1348 862 1410 915 et
1435 856 1692 917 Romani
1708 856 1925 937 pignus
1952 856 2115 938 pacis
2136 876 2214 917 ex

206 935 440 998 foedere
480 935 906 1003 restituerunt:
947 942 1011 995 et
1035 937 1196 1018 apud
1238 956 1439 1017 regem
1464 936 1787 996 Etruscum
1814 956 1933 996 non
1959 943 2093 997 tuta
2119 956 2214 997 so·

203 1015 360 1085 lum,
401 1015 507 1076 sed
546 1015 834 1076 honorata
873 1016 1070 1085 etiarn,
1121 1016 1316 1075 virtus
1354 1015 1505 1076 fuitz
1572 1016 1993 1097 laudatamque
2034 1016 2093 1077 vi
2164 1017 2211 1061 ’-

205 1114 351 1157 nem
377 1102 546 1177 parte
586 1096 859 1156 obsidum
900 1116 966 1156 se
1005 1096 1232 1157 donare
1271 1095 1465 1166 dixin
1517 1095 1666 1177 ipsa,
1708 1111 1857 1175 quos
1896 1097 2099 1166 vellet,
2150 1118 2213 1157 e·

202 1182 394 1257 geret.
472 1176 794 1237 Productis
834 1175 1122 1246 omnibuS,
1163 1176 1413 1257 elegisse
1452 1174 1723 1267 impubes
1757 1176 2009 1237 dicitur:
2050 1177 2212 1255 quod

206 1262 284 1316 et‘
299 1255 628 1338 virginitati
666 1256 971 1327 decorum,
1001 1263 1064 1317 et
1109 1276 1413 1317 concensu
1440 1255 1709 1315 obs1dum
1750 1255 2011 1338 ipsorum
2037 1259 2211 1337 prob-

20 1342 24 1391 '.
110 1349 115 1353 ·
205 1335 368 1397 abile
409 1342 556 1407 erat,
609 1356 740 1396 eam
784 1342 1026 1413 aetatem
1065 1336 1442 1418 potissimum
1482 1336 1719 1398 liberari
1758 1339 1832 1397 ab
1858 1337 2045 1406 hoste,
2072 1357 2211 1417 quae

204 1416 466 1484 maxime
507 1422 836 1497 opportuna
853 1454 856 1457 -
873 1416 1110 1499 iujuriae
1151 1423 1331 1477 esset.
1410 1417 1570 1477 Pace
1622 1417 2049 1497 redintegrata,
2090 1418 2212 1477 Ro-

203 1496 372 1558 mani
397 1516 611 1557 novam
639 1497 705 1558 in
744 1496 967 1557 femina
993 1496 1276 1557 virtutem
1302 1513 1456 1556 novo
1496 1516 1713 1577 genere
1736 1496 1993 1564 honoris,
2016 1502 2214 1559 statua

205 1567 492 1717 equgsffl,
531 1576 870 1647 donaveref.
925 1574 992 1636 in
1033 1594 1263 1636 summa
1302 1574 1487 1634 Sacra
1524 1574 1623 1633 via
1660 1574 1777 1636 fuit
1814 1574 2011 1655 posita
2048 1574 2213 1658 virgo

200 1676 326 1718 msl
371 1678 478 1719 ens
506 1678 539 1719 e
583 1678 682 1719 uo.

284 1738 458 1798 XIV.
499 1678 666 1797 Iiluic
689 1730 830 1797 tam⁸
881 1742 1070 1799 acatae
1099 1724 1455 1818 profectioni
1490 1739 1567 1798 ab
1606 1740 1761 1809 urbe
1776 1737 1932 1819 regis
1974 1737 2213 1798 Etrusci
2284 1748 2290 1755 ‘

201 1817 528 1879 abhorrens
555 1836 710 1886 mos,
743 1823 836 1877 tra
879 1817 998 1877 itus
1027 1820 1100 1878 ab
1125 1816 1407 1896 antiquie,
1435 1837 1626 1897 usque
1652 1818 1729 1877 ad
1775 1825 2037 1878 nostram
2066 1823 2212 1879 aeta-

201 1899 332 1960 tem
369 1897 530 1959 inter
568 1903 771 1957 cetera
797 1896 1066 1972 solennia
1091 1905 1294 1959 manet
1318 1897 1486 1960 bonis
1514 1897 1863 1967 vendendis,
1886 1899 2041 1958 bona
2066 1897 2215 1957 Por-

201 1996 370 2039 senae
420 1976 576 2059 regis
615 1977 933 2037 vendendi.
1015 1976 1204 2080 Cujus
1246 1975 1531 2058 originem
1570 1978 1769 2047 moriS,
1812 1994 2059 2039 necesse
2100 1984 2213 2048 est,

203 2062 316 2119 aut
339 2056 500 2117 inter
523 2056 746 2118 bellum
773 2066 976 2118 natam
1003 2076 1156 2126 esse,
1181 2058 1381 2135 neque
1402 2057 1681 2117 omissam
1707 2058 1771 2116 in
1797 2077 1946 2137 pace
1969 2076 1989 2127 3
2028 2063 2135 2116 aut
2175 2058 2213 2119 εἲ

203 2137 442 2199 mitiore
470 2136 728 2197 crevisse
755 2136 1066 2219 principio,
1093 2136 1275 2216 quam
1302 2136 1397 2195 hic
1414 2156 1539 2216 pree
1567 2156 1633 2195 se
1671 2136 1827 2195 ferat
1854 2135 2082 2204 titulus,
2107 2138 2223 2195 bo-'

202 2237 286 2279 na
324 2216 620 2278 hostiliter
637 2216 966 2279 vendendi.
1045 2216 1387 2277 Proximum
1410 2216 1554 2275 vero
1582 2221 1675 2282 est
1702 2234 1775 2274 ex
1802 2214 1895 2284 iis,
1922 2234 2059 2293 quae
2088 2221 2213 2277 tra·

205 2298 450 2367 duntur,
476 2299 818 2368 Porsenam,
859 2297 1287 2358 discedentem·
1309 2298 1381 2356 ab
1407 2297 1440 2356 J
1445 2294 1701 2364 amiculo,
1730 2303 1925 2355 castra
1964 2294 2212 2375 opulen-

201 2384 286 2448 ta,
313 2384 606 2439 convecto
651 2398 726 2438 ex
753 2376 964 2459 propin
1008 2376 1100 2437 uis
1126 2396 1196 2436 ac
1227 2375 1535 2437 fertilibus*
1560 2376 1819 2437 Etruriae
1864 2374 2023 2435 arvis
2050 2396 2211 2435 com-

201 2462 425 2528 meatu,
463 2456 753 2519 -Romanis
781 2458 936 2517 dono
1005 2456 1222 2527 edisse,
1248 2456 1410 2537 inopi
1450 2464 1575 2516 tum
1604 2458 1749 2516 urbe
1776 2460 1849 2517 ab
1884 2455 2213 2537 longinqua

203 2537 510 2599 obsidione
533 2558 552 2609 3
595 2558 666 2599 ea
691 2538 933 2607 deinde,
959 2558 1037 2601 ne
1063 2537 1281 2618 populo
1308 2536 1573 2597 immisso
1599 2536 2001 2617 diriperentur
2026 2536 2211 2597 hosti-

195 2618 360 2688 liter,
385 2618 640 2688 ve-nisse,
667 2621 938 2699 bonaque
978 2620 1261 2679 Porsenae
1302 2616 1618 2698 appellata,
1658 2616 1907 2698 gratiam
1952 2616 2211 2685 muneris

201 2698 390 2781 magis
431 2698 808 2791 significante
841 2698 1055 2768 titulo,
1103 2698 1286 2779 quam
1327 2696 1664 2758 auctionem
1707 2697 1963 2758 fortunae
2007 2698 2210 2779 regiae,

205 2799 343 2859 quae
372 2798 449 2839 ne
475 2799 538 2839 1n
565 2785 922 2861 potestatem
963 2779 1206 2857 quidem
1232 2776 1433 2858 populi
1476 2775 1729 2836 Romani
1756 2782 1932 2837 esset.
2014 2777 2209 2837 Omis-

205 2878 271 2920 so
295 2860 568 2919 Romano
591 2860 768 2929 bello,
811 2858 1095 2927 Porsena,
1123 2876 1201 2917 ne
1254 2856 1476 2917 frustra
1510 2856 1578 2915 in
1622 2875 1693 2916 ea
1732 2856 1865 2917 loca
1908 2858 2208 2919 exercitus

203 2939 502 3000 adductus
541 2938 866 3007 videretur,
908 2932 1056 2997 ‘cum
1123 2942 1295 3018 parte
1336 2936 1637 3016 copiarum
1678 2934 1865 2997 filium
1911 2940 2209 3000 Aruntem

203 3018 471 3083 Ariciam
499 3025 902 3101 oppugnatum
923 3016 1126 3079 mittit.
1210 3014 1409 3091 Primo
1438 3014 1715 3076 Aricinos
1740 3038 1837 3079 res
1864 3036 1975 3078 nec
2004 3018 2207 3098 opina-

201 3105 268 3177 ta
294 3098 673 3180 perculerat3
733 3097 1019 3160 arcessita
1057 3095 1279 3157 deinde
1306 3093 1545 3165 auxilia,
1586 3104 1649 3157 et
1678 3098 1709 3155 εὶ
1740 3097 1977 3159 Latinis
2016 3116 2206 3177 popu-

202 3179 295 3249 lis,
323 3186 387 3241 et
415 3179 450 3237 a
479 3178 707 3248 Cumis,
734 3184 966 3239 tantum
996 3177 1126 3259 spei
1163 3176 1382 3245 fecere,
1406 3180 1475 3234 ut
1502 3174 1629 3235 acie
1671 3175 1995 3238 decernere
2021 3176 2205 3235 aude-

203 3268 354 3321 rent.
476 3259 701 3321 Proelio
739 3258 906 3339 inito,
947 3258 1100 3320 adeo
1142 3256 1439 3317 concitato
1476 3255 1703 3337 impetu
1744 3276 1811 3317 se
1863 3254 2207 3315 ‘intulerant

205 3339 465 3409 Etrusci,
493 3346 562 3398 ut
585 3338 908 3400 funderent
946 3338 1076 3419 ipso
1114 3337 1360 3397 incursu
1389 3334 1685 3397 Aricinos.
1767 3336 2057 3394 Cumanae
2102 3354 2206 3395 co·

204 3419 422 3489 horteS,
449 3422 578 3481 arte
618 3419 904 3479 adversus
945 3419 1068 3482 vim
1094 3434 1244 3497 usae,
1285 3416 1660 3477 declinavere
1702 3412 2072 3495 paullulum3
2114 3413 2204 3475 ef-

204 3498 458 3580 fuseque
496 3500 782 3580 praelatos
819 3498 1020 3559 hostes
1061 3496 1365 3559 conversis
1419 3496 1605 3577 signis
1652 3496 1727 3552 ab
1765 3498 1935 3572 tergo
1974 3494 2203 3557 adortae

208 3585 360 3639 sunt.
444 3580 542 3640 Ita
579 3578 644 3639 in
670 3577 867 3639 medio
908 3598 1086 3658 prope
1119 3579 1246 3656 jam
1294 3576 1551 3635 victores
1580 3569 1725 3631 caesi
1750 3570 2027 3635 Etrusci:
2066 3594 2203 3653 pars

203 3660 538 3742 perexigua,
564 3658 724 3721 duce
749 3656 984 3727 amisso,
1009 3656 1411 3739 quianullum
1436 3649 1675 3731 propius
1701 3650 2037 3733 perfugium
2054 3656 2202 3721 erat,
