2400 4109
199 197 322 256 2⁵0
1041 185 1118 244 T.
1147 181 1361 246 lell

203 355 326 424 bat,
368 351 597 430 impetu
641 341 822 414 facto,
873 347 1072 424 sti-age
1095 361 1167 403 ae
1193 341 1369 402 ruina
1394 340 1613 402 fudere-
1636 339 1887 402 Gallos:
1930 349 2003 403 ut
2055 361 2219 403 nun-

207 452 386 514 quam
415 433 621 509 postea
647 443 758 484 nec
785 441 942 503 pars,
988 441 1100 482 nec
1139 420 1407 482 universi
1451 420 1817 482 tentaverint
1842 422 1967 482 tale
1994 441 2218 504 pugnae

103 517 148 528 ““
207 529 412 594 genus-
493 505 730 566 Omissa
776 503 981 581 itaque
1029 519 1134 580 spe
1159 519 1271 580 per
1316 499 1435 561 vim
1480 506 1663 580 atque
1707 518 1871 561 arma
1899 501 2220 569 subeundi,

207 588 576 650 obsidionem
621 589 874 664 parant=
925 581 1098 660 cujus
1150 581 1231 641 ad
1282 579 1347 639 id
1392 584 1513 640 tem
1558 580 1631 640 u's
1680 580 2099 660 inmemores,⁵
2132 587 2228 656 et,

209 669 370 750 quod
397 668 462 727 in
502 667 646 725 urbe
671 661 885 729 fuerat,
925 658 1291 718 frumentum
1330 659 1506 719 ineen
1548 659 1624 720 iis
1668 659 1831 720 urbis
1870 663 2227 739 absumpse-

207 755 368 818 rant,
393 752 456 806 et
481 765 555 804 ex
580 741 735 824 agris
754 759 861 819 per
885 738 1048 819 ipsos
1071 739 1204 802 dies
1224 745 1456 818 raptum
1476 757 1653 800 omne
1668 739 1851 819 Vejos
1862 745 2011 800 erat.
2096 739 2225 819 Igi-

211 834 334 897 tur,
385 823 649 886 exercitu
689 819 900 888 diviso,
951 818 1168 898 partim
1210 839 1316 897 per
1354 818 1639 877 finitimos
1678 818 1929 898 populos
1954 817 2225 898 praedari

211 904 460 990 placuit,
499 901 710 984 partim
753 897 1012 958 obsideri
1037 917 1237 958 arcem
1266 916 1284 968 3
1324 902 1393 957 ut
1418 896 1824 958 obsidentibus
1848 897 2225 958 frumentum

199 984 592 1126 ffipffihffims
618 997 891 1060 agrorum
919 976 1997 1116 Ρςωὶέετεῃΐζιξὲοῇοἰὲοὲῃῒεε,681Ιῖ
2020 979 2100 1115 gb
2118 997 2223 1036 ur·

213 1075 1196 1205 ub1²ca113¹1¹1¹322¹2¹3ffif32233¹
1212 1075 1377 1226 Fqui
1402 1073 2042 1196 ζ”ὲεῗῑοῗῖἓῑᾞὲῗωηὲ
2064 1075 2223 1215 ζὶῗί

216 1223 358 1300 lica,
398 1221 580 1300 quzim
607 1223 736 1286 sust,
784 1236 966 1294 quum
995 1215 1128 1275 Diis
1151 1215 1602 1292 hominibusque
1642 1213 1999 1275 accusandis
2046 1221 2225 1274 sehe-

219 1311 436 1371 sceret,
455 1296 820 1378 indignando
845 1294 1233 1372 mirandoque
1249 1293 1357 1354 nbi
1384 1293 1475 1352 illi
1502 1293 1615 1353 viri
1634 1300 1855 1363 essent,
1880 1293 1988 1373 qui
2014 1313 2224 1354 secum

217 1379 816 1462 Vejos..Faleriosque
843 1373 1164 1454 cepissent,
1214 1373 1317 1450 qui
1364 1371 1485 1434 alia
1508 1373 1667 1434 bella
1701 1373 1919 1433 fortias
1967 1389 2225 1454 semper,

221 1481 302 1540 qu
313 1463 405 1520 am
445 1457 700 1524 felicifns,
747 1454 1118 1535 gessissent3
1157 1451 1403 1532 repente
1430 1451 1616 1521 audit,
1658 1453 1969 1514 Gallorum
1998 1453 2231 1513 exerci-

221 1546 352 1602 tum
393 1539 736 1602 adventare,
783 1539 963 1611 atque
1003 1532 1080 1591 de
1127 1552 1198 1591 eo
1238 1530 1483 1612 pavidos
1511 1531 1809 1592 Ardeates
1832 1532 2181 1592 consultare
2210 1551 2231 1602 ;

223 1639 338 1682 nec
367 1637 542 1679 secus
569 1615 748 1694 qusim
775 1612 980 1672 divino
1021 1611 1229 1690 spiritu
1258 1616 1477 1679 taetus,
1524 1603 1708 1689 quuni
1748 1631 1815 1672 se
1852 1611 1917 1671 in
1964 1611 2230 1672 mediam

227 1701 569 1761 concionem
591 1691 914 1760 intulisset,
953 1691 1250 1751 abstinere
1276 1695 1481 1750 suetus
1502 1692 1641 1749 ante
1664 1690 1885 1751 talibus
1913 1689 2186 1758 conciliis
2211 1710 2230 1761 3

305 1777 531 1838 XLIV.
571 1786 605 1810 “
627 1769 986 1838 Ardeates,”
1039 1769 1257 1848 inquit,
1310 1780 1346 1806 “
1368 1776 1605 1829 veteres
1642 1770 1840 1839 amici,
1878 1769 2019 1831 novi
2048 1769 2231 1829 etiam

225 1858 390 1920 cives
413 1853 550 1922 mei,
577 1851 818 1931 quando
839 1856 901 1910 et
927 1854 1190 1909 vestrum
1212 1846 1565 1908 beneficium
1592 1850 1679 1909 ita
1704 1850 1864 1919 tulit,
1903 1857 1967 1910 et
1990 1849 2234 1909 fortuna

223 1937 339 1998 hoc
385 1933 508 2016 egit
545 1950 696 1998 mea,
749 1948 924 1988 nemo
949 1933 1217 1988 vestram
1258 1927 1617 1988 conditionis
1658 1948 1808 1988 meae
1838 1928 2089 1988 oblitum
2128 1947 2229 1987 me

225 2017 345 2078 huc
386 2010 746 2096 processisse
773 2013 986 2088 putet:
1029 2007 1136 2066 sed
1177 2025 1275 2066 res
1328 2025 1401 2066 ae
1426 2007 1756 2085 periculum
1786 2026 2097 2068 commune
2124 2026 2228 2066 co—

227 2098 334 2180 git,
381 2093 541 2174 quod
565 2089 820 2170 quisque
859 2085 1048 2167 possit
1071 2086 1137 2144 in
1177 2105 1245 2146 re
1270 2085 1505 2164 trepida
1530 2085 1815 2166 praesidii,
1861 2086 1926 2146 in
1964 2085 2232 2150 medium

231 2171 522 2241 conferre.
600 2171 683 2228 Et
709 2168 946 2246 quando
974 2186 1082 2258 ego
1106 2165 1273 2225 vobis
1298 2185 1406 2244 pro
1430 2164 1617 2226 tantis
1640 2164 1857 2238 vestris
1876 2165 1941 2224 in
1982 2185 2080 2225 me
2105 2185 2235 2225 me-

2344 431 2353 471 l

227 2255 360 2320 ritis
388 2250 634 2334 gratiam
683 2246 954 2315 referam,
1001 2264 1053 2305 sl
1094 2265 1256 2304 nunc
1284 2245 1635 2304 cessavero?
1674 2250 1779 2304 aut
1818 2243 1916 2303 ubi
1944 2263 2091 2304 usus
2118 2245 2238 2306 erit
2358 2289 2360 2300 Α

231 2333 350 2397 mei
378 2330 562 2397 vobis,
591 2328 638 2387 si
662 2328 726 2386 in
751 2325 910 2385 bello
934 2343 1054 2384 non
1080 2324 1309 2384 fuerit?
1392 2324 1525 2383 Hac
1566 2329 1695 2383 arte
1734 2322 1797 2381 in
1826 2323 2019 2404 patria
2044 2323 2189 2384 steti
2218 2345 2237 2395 3

231 2421 313 2484 Gt,
341 2409 600 2472 invictus
623 2405 800 2473 bello,
850 2403 916 2464 in
961 2423 1110 2483 pace
1149 2405 1226 2462 ab
1264 2401 1511 2482 ingratis
1558 2402 1787 2462 civibus
1832 2403 2042 2483 pulsus
2084 2423 2239 2463 sum.

228 2493 417 2554 Vobis
437 2494 657 2555 autem,
687 2484 1000 2551 Ardeates,
1026 2483 1267 2541 fortuna
1293 2483 1489 2541 oblata
1516 2487 1624 2550 est,
1652 2487 1713 2542 et
1738 2502 1845 2561 pro
1873 2482 2054 2543 tantis
2080 2483 2237 2564 pris-

229 2573 376 2634 tinis
401 2566 607 2652 populi
655 2563 912 2623 Romani
951 2561 1279 2629 beneficiiS,
1316 2567 1542 2640 quanta
1560 2561 1675 2641 ipsi
1700 2561 2073 2629 meministiS,
2100 2561 2241 2642 (nee

234 2649 394 2712 enim
421 2643 830 2724 exprobranda
855 2641 1014 2719 apud
1039 2659 1331 2698 memores
1359 2640 1521 2720 sunt)
1564 2639 1771 2721 gratiae
1800 2640 2150 2710 referendae,
2179 2647 2247 2703 et

233 2728 374 2790 huic
419 2723 550 2784 urbi
597 2721 784 2780 decus
835 2719 1046 2798 ingens
1091 2717 1235 2775 belli
1274 2737 1349 2776 ex
1388 2717 1557 2778 hoste
1600 2721 1896 2779 communi
1950 2720 2242 2800 pariendi.

233 2811 388 2884 Quoe
415 2803 602 2864 effuso
629 2797 863 2880 agmine
905 2797 1209 2864 adventat,
1248 2815 1396 2876 gens
1422 2803 1535 2866 est,
1582 2798 1680 2858 cui
1730 2807 1943 2859 natura
1988 2819 2241 2879 corpora

235 2889 583 2963 animosque
609 2897 822 2960 magna
863 2876 1068 2969 magis,
1109 2895 1289 2962 quam
1315 2876 1502 2946 firma,
1530 2878 1765 2938 dederit
1792 2900 1811 2949 3
1852 2897 1923 2938 eo
1947 2877 2007 2937 in
2040 2885 2241 2939 certa-

235 2988 376 3032 men
404 2983 577 3026 omne
602 2961 739 3042 plus
769 2966 1028 3026 terror-13,
1066 2957 1249 3034 quam
1288 2955 1522 3026 virium,
1562 2956 1780 3018 ferunt.
1862 2960 2241 3038 Argumento

238 3051 320 3111 sit
345 3044 548 3106 clades
574 3043 844 3101 Romana
872 3057 890 3107 3
929 3043 1232 3117 patentem
1262 3055 1474 3116 cepere
1496 3039 1696 3096 urbem
1722 3057 1740 3106 ;
1782 3055 1856 3095 ex
1885 3056 2023 3096 arce
2050 3037 2144 3096 Ca
2186 3038 2241 3098 i·

233 3128 502 3203 tolioque
549 3120 640 3181 his
681 3117 893 3198 exigue
923 3115 1221 3176 resistitur
1244 3115 1443 3175 maliu-
1522 3116 1655 3176 Jam
1682 3115 2005 3176 obsidionis
2054 3123 2135 3176 tte
2183 3118 2245 3176 io

236 3203 385 3268 victi
411 3199 758 3266 abscedunt,
809 3194 1062 3276 vagique
1109 3215 1218 3274 per
1244 3214 1413 3275 agros
1452 3195 1748 3275 pola'ntur,
1800 3193 1931 3256 cibo
1982 3194 2272 3276 vinoque⁴

237 3283 458 3364 raptim
480 3282 689 3340 hausto
715 3275 948 3356 repleti.
1007 3275 1149 3354 *Ubi
1189 3294 1309 3334 nox
1348 3275 1592 3366 appetit,
1644 3295 1828 3355 prope
1854 3275 2013 3335 rivos
2054 3295 2249 3353 aqua-

235 3383 390 3430 rum,
443 3360 572 3420 sine
596 3355 985 3424 munimento,
1037 3353 1167 3414 sine
1211 3353 1563 3414 statiombus
1589 3373 1659 3414 ac
1688 3353 1994 3421 custodiis,
2020 3354 2248 3433 passim

234 3441 494 3498 ferarum
521 3437 643 3497 ritu
669 3439 1033 3501 sternuntur,
1061 3452 1223 3492 nunc
1248 3435 1323 3492 ab
1348 3432 1631 3494 secundis
1644 3435 1819 3493 rebus
1848 3432 2033 3513 magis
2058 3432 2245 3494 etiam

235 3517 411 3574 solito
438 3514 684 3574 incauti.
765 3513 830 3571 si
875 3512 1040 3572 vobis
1065 3511 1128 3570 in
1179 3510 1377 3570 auimo
1422 3519 1517 3572 est
1556 3511 1711 3572 tueri
1756 3512 1981 3573 moenia
2018 3518 2245 3583 vestra,

231 3605 348 3666 nec
373 3593 496 3668 pati
522 3593 655 3654 haec
683 3591 879 3652 omnia
901 3590 1160 3651 Galliam
1187 3589 1338 3659 fieri,
1382 3589 1577 3670 prima
1605 3590 1807 3672 vigilia
1836 3592 2031 3671 capite
2076 3611 2248 3652 arma

230 3665 574 3742 frequentes
603 3689 618 3728 ε
660 3689 756 3730 me
783 3668 1103 3749 sequimini
1129 3669 1208 3731 ad
1234 3669 1486 3739 caedem,
1532 3689 1653 3733 non
1678 3671 1755 3733 ad
1782 3689 2080 3752 pugnam3
2118 3671 2239 3734 nisi
