2400 4109
999 121 1263 186 LIBER
1287 120 1400 184 lv.
2042 196 2047 201 ¹
2090 107 2207 188 iss'

193 287 378 358 bant3
417 303 552 358 nec,
577 303 654 346 ex
679 303 800 365 quo
827 283 1040 344 eastris
1063 289 1263 346 castra
1298 281 1519 344 collata
1538 287 1699 354 sunt,
1721 285 2019 343 cessatum
2051 282 2086 342 a
2110 281 2203 344 le-

187 366 359 428 vibus
384 363 620 447 proeliis
660 375 754 426 est
781 385 801 437 3
841 365 1020 425 facile
1065 363 1335 445 patiente
1364 362 1676 434 dictatore,
1706 362 2069 429 conferendo
2108 363 2198 423 vi-
2222 356 2367 397 Ἣ

192 465 288 507 res
317 465 486 528 spem
510 446 808 506 universae
837 445 1125 513 victorine,
1176 447 1414 504 tentato
1439 443 1729 523 paulatim
1758 449 1976 504 eventu
2003 448 2201 504 ‘certa-

191 525 440 596 minum,
467 545 605 588 suos
630 525 982 607 praecipere.
1064 523 1293 603 Itaque
1304 523 1524 592 hostes,
1550 523 1721 584 nulla
1749 523 1808 583 in
1834 522 2045 604 proelio
2063 524 2199 603 jus·

191 611 255 667 to
276 607 488 668 relicti
516 626 642 688 spe,
663 612 846 666 noctu
869 602 1064 666 adorti
1085 611 1281 666 castra
1302 603 1584 673 consuliS,
1610 623 1739 663 rem
1765 602 1829 662 in
1858 623 2063 672 casum
2090 623 2201 665 an·

191 685 388 766 cipitis
417 690 672 748 eventus
715 685 1116 746 committunt.
1195 684 1439 760 Clamor
1463 682 1663 744 subito
1690 689 1876 754 ortuS,
1904 702 2025 744 non
2053 704 2198 744 con-

162 768 336 826 sulis
363 767 542 827 modo
567 765 802 848 vigiles,
829 765 1154 826 exercitum
1187 760 1407 833 deinde
1435 783 1689 834 omnem,
1712 763 1820 824 sed
1842 763 2197 840 dictatorem
2238 757 2245 764 “

189 866 428 928 quoque
455 866 532 908 ex
559 865 766 908 somno
813 845 1053 906 excivit.
1135 843 1255 905 Ubi
1300 843 1587 924 praesenti
1630 864 1742 925 ope
1784 863 1881 922 res
1924 847 2197 925 egebant,

191 928 399 987 consul
429 947 542 989 nec
571 927 768 986 animo
795 925 1038 995 defecit,
1064 945 1177 986 nec
1214 921 1467 983 consilio
1495 945 1511 983 z
1551 943 1691 1004 pars
1710 923 1969 985 militum
1995 931 2198 1006 porta-

187 1025 322 1066 rum
348 1007 636 1068 stationes
662 1007 903 1066 firmant
929 1025 946 1065 t
986 1025 1126 1087 pars
1155 1010 1377 1065 corona
1398 1003 1624 1063 vallum
1654 1003 1921 1086 cingunt.
2004 1007 2077 1066 ln
2105 1004 2196 1068 al-

185 1087 334 1148 teris
382 1086 542 1178 apud
569 1085 922 1167 dictatorem
949 1085 1180 1155 castriS,
1224 1103 1343 1164 quo
1372 1083 1571 1144 minus
1617 1085 1914 1144 tumultus
1956 1090 2069 1155 est,
2120 1105 2193 1146 eo

185 1166 324 1248 plus
353 1167 862 1236 animadvertitur,
889 1166 1038 1246 quid
1065 1183 1215 1246 opus
1243 1165 1403 1225 facto
1432 1163 1510 1224 sit
1532 1184 1552 1235 3
1592 1162 1773 1223 misso
1794 1171 1989 1224 extem
2032 1166 2092 1225 lo
2113 1165 2194 1226 ad

189 1252 386 1307 castra
411 1246 816 1322 subsidio,.cui
847 1247 947 1327 Sp.
974 1245 1319 1306 Postumius
1348 1244 1542 1304 Albus
1564 1244 1800 1324 legatus
1840 1263 1965 1323 prae
2018 1245 2193 1324 citur,

180 1325 543 1468 {Rissuni‘rssfi
593 1325 1463 1487 {ffiffiffimpeffimussffssulffl
1503 1323 2191 1466 ὲὲἓέῗηέἐέἳῗὲηἰζ

168 1485 408 1546 'hostem
436 1475 705 1548 invadat.
751 1487 824 1560 Q.
853 1484 1189 1566 Sulpicium
1214 1485 1478 1566 legatum
1504 1505 1631 1565 prae
1682 1484 1769 1543 cit
1795 1483 2009 1543 castris
2037 1505 2055 1543 z
2097 1485 2190 1546 M.

179 1565 361 1626 Fabio
405 1566 604 1648 legato
645 1566 913 1648 assignat
946 1564 1188 1643 equites
1218 1584 1238 1636 ;
1279 1584 1393 1624 nec
1422 1570 1562 1624 ante
1588 1564 1788 1622 lucem
1816 1583 2053 1624 movere
2086 1565 2196 1644 ju«

178 1647 280 1706 bet
319 1664 586 1716 manum,
636 1645 796 1706 inter
835 1643 1161 1706 nocturnos
1198 1642 1495 1704 tumultus
1524 1643 1844 1702 moderatu'
1860 1643 2189 1706 difficilem.
2259 1659 2272 1668 '⁴

179 1725 416 1795 Omnia,
464 1745 604 1804 quae
644 1725 743 1785 vel
784 1724 939 1784 alius
965 1723 1285 1805 imperator
1313 1721 1577 1803 prudens
1600 1727 1688 1782 ‘et
1712 1721 1962 1804 impiger
1987 1723 2050 1785 in
2076 1725 2188 1786 tali

174 1825 242 1864 re
281 1803 642 1886 praeciperet
687 1809 1025 1886 ageretque,
1071 1801 1347 1885 praecipit
1373 1802 1582 1864 ordine
1610 1809 1791 1896 atque
1820 1803 1941 1885 agit
1968 1825 1988 1877 3
2028 1805 2181 1866 illud

176 1881 461 1944 eximium
491 1884 724 1944 consilii
751 1884 1049 1964 animique
1091 1883 1411 1964 specimen,
1454 1889 1517 1943 et
1542 1889 1891 1963 neutiquam
1918 1885 2181 1968 vulgatae

169 1963 394 2034 laudis,
421 1965 584 2044 qued
605 1965 767 2024 ultro
792 1965 870 2024 ad
895 1963 1294 2046 oppugnanda
1330 1969 1530 2024 castra
1556 1962 1835 2034 hostium,
1863 1965 2025 2026 unde
2054 1985 2181 2026 ma·

159 2045 296 2124 jore
323 2044 556 2124 agmine
585 2045 886 2129 profectos
915 2045 1289 2125 exploratum
1314 2044 1531 2113 fuerat,
1559 2043 1651 2103 M.
1682 2044 2017 2124 Geganium
2040 2064 2176 2106 cum
2224 2050 2227 2055 '

172 2124 512 2184 cohortibus
537 2124 792 2185 delectis
819 2123 983 2184 misit
1004 2145 1026 2194 3
1065 2123 1188 2204 qui,
1202 2127 1519 2204 postquam
1539 2122 1803 2198 intentos
1826 2124 2091 2185 homines
2112 2124 2179 2184 in

168 2210 452 2264 eventum
493 2203 745 2284 periculi
786 2201 988 2273 alieni,
1036 2223 1146 2284 pro
1191 2223 1257 2262 se
1309 2203 1585 2263 incautos
1624 2201 1917 2284 neglectis
1958 2202 2179 2285 vigiliis

167 2284 657 2364 stationibusque,
711 2291 808 2344 est
849 2284 1116 2352 adortuS,
1167 2283 1335 2363 prius
1363 2283 1517 2364 pen&
1545 2283 1708 2364 cepit
1746 2287 1971 2352 castra,
1990 2285 2174 2362 quam

29 2372 51 2426 ι’
167 2363 496 2445 oppugnari
523 2364 720 2424 hostes
749 2363 893 2424 satis
923 2361 1194 2433 scirent3
1235 2362 1397 2432 inde,
1451 2361 1632 2434 fumo,
1687 2369 1749 2423 et
1792 2372 2173 2434 convenerat,

164 2445 371 2505 datum
400 2443 633 2524 signum
675 2443 774 2503 ubi
799 2431 1187 2522 conspectum
1234 2443 1307 2502 ab
1354 2441 1644 2503 dictatore
1691 2449 1802 2512 est,
1855 2445 2171 2515 exclamat,

165 2530 341 2606 capta
371 2524 628 2583 hostium
657 2537 869 2592 castra,
910 2520 1305 2600 nunciarique
1331 2521 1553 2602 passim
1572 2524 1764 2602 jubet.
1824 2566 1914 2576 ...--
1917 2564 2011 2573 -----

241 2605 540 2664 xxvm.
581 2593 670 2662 Et
695 2605 820 2682 jam
849 2603 1208 2672 lucescebat,
1235 2602 1553 2680 omniaque
1596 2605 1705 2662 sub
1732 2603 1919 2664 oculis
1946 2612 2119 2666 erant
2146 2628 2163 2668 ε

157 2689 222 2746 et
249 2683 467 2744 Fabius
496 2703 632 2743 cum
661 2683 928 2764 equitatu
952 2681 1241 2762 impetum
1263 2683 1533 2752 dederat,
1576 2689 1641 2742 et
1666 2685 1875 2744 consul
1902 2687 2161 2768 eruptio·
2255 2753 2257 2756 y

156 2785 300 2825 nem
328 2765 360 2821 ὲ
402 2762 614 2823 castris
640 2764 704 2822 in
733 2762 996 2844 trepidos
1031 2765 1157 2842 jam
1197 2763 1399 2846 hostes
1431 2763 1691 2823 fecerat..
1755 2763 2027 2826 Dictator
2052 2787 2160 2828 au-

153 2851 301 2914 tem,
343 2850 512 2923 parte
539 2842 728 2904 altera
759 2842 1020 2903 subsidia
1047 2849 1112 2901 et
1157 2843 1701 2902 secundam-aciem
1729 2845 1991 2915 adortus,
2042 2853 2160 2906 cir·

153 2923 499 3004 cumagenti
541 2943 606 2982 se
633 2923 710 2982 ad
739 2923 1007 2981 dissonos
1037 2921 1337 2981 clamores·
1354 2943 1424 2982 ac
1453 2921 1676 2982 subitos
1704 2923 1997 2987 tumultus
2024 2926 2160 2987 hos-

148 3004 202 3066 ti
259 3003 526 3082 undique
580 3003 878 3082 objecerat
932 3001 1218 3078 victorem
1259 3001 1523 3081 peditem
1577 3002 1937 3082 eqitemque.
2018 3006 2157 3065 Cir-

148 3082 464 3144 cumventi
514 3082 692 3162 igitur
709 3083 837 3161 jam
863 3081 926 3140 in
955 3081 1152 3140 medio
1180 3083 1255 3142 ad
1285 3099 1473 3140 unum
1500 3101 1704 3174 omnes
1724 3103 1933 3168 poenas
1961 3087 2153 3144 rebel-

145 3163 331 3224 lionis
356 3161 684 3230 dedissent,
725 3161 790 3220 ni
811 3160 1060 3221 Vectius
1090 3161 1354 3221 Messius
1383 3181 1457 3220 ex
1484 3161 1737 3238 Volscis3
1782 3163 2034 3227 nobilior
2062 3164 2153 3224 vir

143 3243 349 3311 factiS,
397 3243 580 3320 quam
666 3261 864 3312 enere,
901 3243 1030 3321 jam
1071 3244 1273 3300 orbem
1301 3242 1607 3321 volventes
1645 3247 1788 3304 ‘suos
1829 3243 2148 3322 increpans

30 3319 32 3336 '
145 3325 318 3386 clara
345 3341 512 3396 voqe,
540 3332 576 3356 “
663 3321 719 3379 ic
750 3319 1135 3401 ,praebitnriss’
1160 3319 1377 3401 inquit,
1416 3331 1452 3356 “
1474 3341 1579 3381 vos
1603 3321 1749 3389 telis,
1768 3322 2023 3381 hostium
2053 3342 2148 3382 es-

139 3403 224 3465 tis
272 3399 592 3470 indefensi,
637 3400 868 3458 inulti?
947 3401 1108 3474 Quid
1154 3399 1337 3481 igitur
1362 3421 1525 3462 arma
1551 3401 1825 3464 habetis?
1866 3407 1972 3460 aut
1998 3403 2148 3480 quid⁴

140 3485 312 3543 ultro
339 3481 562 3542 bellum
581 3478 867 3540 intulistis
896 3500 914 3550 3
953 3479 1166 3560 innotio
1191 3479 1561 3550 tumultuosi,
1586 3481 1651 3559 iii
1680 3479 1833 3553 bello
1876 3499 2088 3562 segnes
2116 3483 2143 3544 Ι

139 3562 310 3636 Quid
337 3561 438 3620 hic
469 3559 761 3620 stantibus
785 3561 910 3639 spei
937 3560 1072 3634 est?
1118 3580 1196 3618 an
1219 3549 1425 3620 Defim‘
1438 3560 1513 3618 ali
1564 3577 1698 3618 uem
1734 3563 2137 3636 protecturum

132 3663 270 3710 vos,
297 3648 727 3720 rapturumque
751 3638 888 3698 hinc
917 3638 1184 3720 putatis?
1226 3639 1385 3698 ferro
1410 3635 1509 3696 via
1522 3579 1809 3715 (iacienda
1830 3643 1939 3697 est.
1982 3641 2139 3707 Hac,

129 3727 267 3802 qua
293 3740 392 3780 me
440 3734 832 3800 praegressum
861 3714 1146 3854 *aigei-itia
1193 3718 1371 3797 agite,
1396 3714 1711 3794 quixipuri
1758 3714 1983 3788 dumos,
2031 3738 2135 3802 pa·
