2400 4109
541 9 552 34 t
600 0 610 33 1

351 42 545 108 ίὲ-ζ
669 61 926 121 (μ’,
1195 59 1200 66 ·
1479 45 1639 109 (λα’,
1766 61 1771 64 ·

171 143 300 208 166
466 193 471 197 -
1027 143 1106 210 Τ.
1131 143 1347 211 LIVII
1382 151 1394 170 '
1820 215 1824 217 e
1874 189 1887 219 ι

1010 255 1052 302 ..3,

257 301 552 370 LXVIII.
591 313 628 348 “
652 310 709 370 A
750 309 996 378 ‘tedum,
1043 309 1144 370 ubi
1168 311 1269 377 hic
1300 309 1527 371 curiam
1554 301 2078 381 circumsedet-itia,
2122 311 2193 373 et

173 385 368 449 forum
395 390 678 450 infestum
734 391 989 461 eceritiS,
1031 399 1092 452 et
1135 410 1436 450 carcerem
1460 388 1853 470 impleveritis
1894 391 2188 472 principi-

173 471 325 539 bus;
367 469 582 531 iisdem
628 470 759 530 istis
785 470 1081 530 ferocibus
1109 470 1323 530 animis
1351 469 1698 551 egredimini
1740 477 1909 531 extra
1950 480 2187 551 portam

173 549 551 629 Esquilinam
577 570 593 610 =
635 557 756 620 aut,
785 549 836 610 si
875 570 953 610 ne
978 551 1088 610 hoc
1117 550 1360 630 quidem
1388 551 1641 619 audetis,
1689 570 1765 608 ex
1793 550 1975 611 muris
2004 551 2195 612 visite

175 645 350 710 agros
390 637 624 691 vestros
649 630 808 691 ferro
847 629 1092 711 ignique
1130 638 1414 701 vastatos,
1455 632 1723 711 praedam
1751 631 1923 712 abigi,
1950 631 2193 695 fumare

178 707 428 772 incensa
456 714 675 790 passim
703 717 880 770 tecta.
963 715 1050 771 At
1076 710 1235 772 enim
1264 710 1591 770 communis
1620 729 1719 770 res
1742 731 1849 790 per
1875 711 2007 770 haec
2050 711 2198 772 loco
2276 723 2279 728 '

176 795 272 848 est
311 792 550 870 pejore:
591 807 733 870 ager
772 789 984 859 uritur,
1032 793 1172 852 urbs
1212 791 1536 859 obsidetur,
1586 789 1731 850 belli
1768 790 1957 882 gloria
1996 811 2192 871 penes

182 865 384 930 hostes
411 877 522 930 est.
605 869 766 944 Quid
791 871 1084 950 tandem?
1124 871 1375 950 privatae
1406 886 1501 930 res
1526 877 1741 928 vestrae
1768 890 1831 930 ln
1874 887 1993 948 quo
2020 878 2195 932 statu

177 950 368 1010 sunt?
447 951 579 1009 Jam
621 949 942 1029 unicuique
983 970 1058 1010 ex
1099 950 1256 1032 agris
1304 969 1413 1010 sua
1452 950 1669 1010 damna
1704 949 2143 1027 nunciabantur
2165 970 2193 1022 ς,

178 1028 325 1107 quid
354 1035 447 1089 est
472 1030 717 1090 tandem
757 1030 936 1100 domi,
981 1031 1143 1090 unde
1185 1051 1257 1090 ea
1298 1030 1639 1110 expleatis?
1720 1017 2196 1094 Tribuni-vobis*

176 1107 395 1168 amissa
420 1109 678 1171 reddent
705 1131 776 1171 ac
803 1110 1174 1172 restituent?
1213 1108 1377 1169 vocis
1416 1113 1847 1188 verborumque
1888 1116 2187 1188 quantum

174 1187 411 1258 voletis,
450 1189 743 1274 ingerent,
783 1197 848 1250 et
886 1189 1200 1250 criminum
1242 1189 1305 1250 in
1332 1189 1653 1270 principeS,
1706 1196 1769 1250 et
1806 1189 2006 1270 legum
2034 1191 2189 1252 alia-

177 1287 313 1327 rum
355 1288 534 1350 super
575 1270 742 1339 alias,
790 1277 853 1330 et
893 1269 1264 1333 concionum.
1344 1269 1467 1328 Sed
1520 1288 1595 1328 ex
1634 1267 1757 1328 illis
1798 1270 2193 1331 concionibus

175 1366 487 1428 nunquam
505 1355 775 1411 vestrum
801 1348 1116 1429 quisquam
1143 1367 1231 1418 re,
1277 1347 1539 1420 fortuna,
1565 1348 1807 1408 domum
1834 1349 2062 1410 auctior
2090 1371 2193 1410 re-

178 1427 314 1487 diit.
393 1429 620 1508 Ecquis
647 1429 853 1489 retulit
879 1428 1108 1508 aliquid
1135 1430 1555 1510 adconjugem
1583 1428 1918 1499 ac'liberos,
1964 1435 2193 1512 praeter·

175 1508 336 1578 odia,
363 1508 736 1579 offensiones,
764 1508 1098 1570 simultates
1126 1508 1392 1590 publicas
1434 1507 1814 1589 privatasque
1838 1510 1863 1567 P
1906 1509 1941 1568 a
1968 1509 2195 1590 quibus

177 1604 412 1668 semper
437 1607 558 1648 non
582 1595 787 1650 vestra
812 1589 1036 1654 virtute
1076 1587 1561 1668 innocenti-aque,
1606 1589 1713 1650 sed
1740 1588 1959 1650 auxilio
1986 1589 2193 1657 alieno

178 1668 297 1728 tuti
326 1668 476 1728 sitis.
557 1671 663 1739 At,
705 1670 1023 1740 Hercules,
1041 1690 1227 1750 quum
1262 1668 1580 1750 stipendia,
1618 1668 1787 1730 nobis
1816 1669 2188 1740 consulibu8,·

172 1764 297 1806 non
325 1748 578 1808 tribunis
611 1749 886 1820 ducibus,
903 1755 966 1811 et
984 1749 1048 1811 in
1073 1749 1311 1828 castris,
1336 1747 1545 1810 nonin
1574 1749 1716 1819 foro,
1740 1748 2071 1819 faciebatis,
2120 1757 2188 1812 et

179 1826 244 1886 in
285 1825 414 1889 acie
434 1825 722 1889 'vestrum
763 1825 1083 1891 clamorem
1121 1829 1340 1897 hostes,
1386 1848 1509 1890 non
1548 1827 1612 1888 in
1654 1828 1939 1889 concione
1968 1830 2193 1890 Patres*

179 1905 436 1968 Romani
463 1909 797 1980 horrebant,
843 1911 1054 1991 pracda
1083 1915 1275 1990 parta,
1302 1928 1443 1989 agro
1482 1927 1559 1968 ex
1583 1907 1753 1968 hoste
1780 1913 1971 1989 capto,
2017 1909 2191 1991 pleni

177 1985 549 2048 fortunarum
572 1989 915 2072 gloriaeque,
957 1988 1133 2051 simul
1161 1988 1441 2070 publieae,
1468 1987 1645 2047 simul
1671 1987 1939 2068 privatae,
1966 1991 2184 2050 triuni-

179 2066 434 2147 phantes
461 2070 699 2130 domum
729 2070 806 2130 'ad
834 2075 1082 2151 penates
1116 2063 1450 2138 -redibatisz
1488 2079 1651 2128 nu'nc
1696 2073 2004 2128 oneratum
2044 2089 2188 2130 ves-

179 2147 294 2207 tris
321 2148 575 2210 fortunis
615 2152 845 2212 hostem
887 2151 1048 2211 abire
1090 2148 1305 2210 sinitis.
1384 2149 1635 2209 Haerete
1682 2147 1843 2208 affixi
1883 2149 2189 2210 concioni-

179 2227 310 2298 bus,
357 2229 512 2290 etin
557 2229 684 2292 foro
737 2230 970 2301 vivite:
1011 2229 1285 2308 sequitur
1330 2245 1437 2288 vos
1482 2227 1810 2288 necessitas
1864 2227 2187 2300 militandi,

179 2325 360 2386 quam
388 2307 612 2391 fugitis,
693 2311 894 2370 Grave
922 2315 1049 2370 erat
1087 2309 1152 2368 in
1177 2311 1423 2387 AEquos·
1444 2315 1505 2366 et
1531 2308 1781 2368 Volscos
1830 2309 2128 2388 proficisci
2155 2309 2190 2367 Ρ

179 2393 320 2446 ante
348 2396 550 2467 portas
577 2394 670 2448 est
695 2390 920 2449 bellum
944 2410 961 2459 ;
1003 2389 1054 2448 si
1079 2388 1221 2448 inde
1246 2408 1367 2447 non
1394 2386 1658 2468 pellitur,
1694 2388 1823 2467 jam
1850 2390 2007 2448 intra
2031 2409 2187 2450 111oe-

179 2465 281 2526 nia
307 2467 440 2535 erit,
488 2474 550 2528 et
576 2487 774 2528 arcem
815 2475 877 2529 et
903 2467 1266 2548 Capitolium
1307 2467 1576 2537 scandet,
1618 2473 1681 2527 et
1707 2469 1767 2527 in
1808 2467 2014 2530 domos
2042 2487 2177 2527 ves·-

177 2551 305 2606 tras
329 2565 432 2606 vos
459 2553 873 2626 persequetur.
919 2547 1174 2607 Biennio
1196 2548 1336 2607 ante
1365 2552 1609 2617 senatus
1636 2546 1937 2606 delectum
1964 2546 2191 2618 haberi,

179 2630 242 2685 et
265 2625 439 2684 educi
463 2625 791 2684 exercitum
817 2626 882 2684 in
909 2625 1191 2706 Algidum
1213 2624 1397 2704 jussit
1418 2643 1437 2694 ς
1479 2625 1755 2684 sedemus
1796 2626 2033 2686 desides
2074 2627 2184 2686 do·-

177 2703 280 2772 mi,
322 2703 634 2764 mulierum
662 2705 779 2765 ritu
808 2705 969 2764 inter
991 2724 1100 2763 nos
1141 2703 1503 2762 altercantes
1525 2723 1559 2773 3¹
1584 2705 1867 2782 praesenti
1893 2725 2044 2786 pace
2070 2705 2181 2766 lae-

178 2783 250 2852 ti,
276 2801 389 2842 nec
413 2785 747 2854 cei-nenteS,
775 2783 848 2844 ex
875 2783 996 2843 otio
1021 2782 1125 2842 illo
1152 2783 1321 2842 brevi
1344 2781 1660 2862 multiplex
1686 2783 1909 2844 bellum
1954 2785 2184 2846 reditu-

177 2883 330 2922 rum.
411 2861 528 2923 His
575 2883 682 2946 ego
723 2865 979 2946 gratiora
1007 2863 1171 2922 dictu
1214 2862 1334 2924 alia
1374 2881 1507 2922 esse
1548 2862 1713 2922 scio:
1755 2863 1862 2922 sed
1904 2885 1998 2924 me
2038 2885 2186 2928 vera

179 2964 288 3025 pro
315 2944 497 3024 gratis
524 2945 708 3024 loqui,
753 2945 867 3005 etsi
893 2965 1090 3004 meum
1116 2943 1419 3024 ingenium
1447 2949 1565 3002 non
1594 2951 1881 3014 moneret,
1918 2947 2184 3006 necessi·

178 3031 274 3084 tas
317 3023 496 3104 cogit.
579 3024 810 3085 Vellem
853 3025 1132 3104 equidem
1173 3023 1337 3083 vobis
1390 3023 1647 3104 placere,
1702 3023 1966 3098 Quirites
1992 3046 2009 3095 ;
2076 3025 2183 3086 sed

179 3104 371 3164 multo
398 3106 554 3164 malo
583 3125 688 3164 vos
715 3106 912 3166 salvos
939 3125 1090 3176 esse,
1131 3104 1535 3184 qualicunque
1562 3117 1704 3184 erga
1745 3125 1841 3166 me
1866 3105 2193 3171 animosus

177 3184 301 3244 turi
329 3183 492 3244 estiS.
571 3186 811 3246 Natura
839 3186 962 3245 >hoc
995 3186 1080 3244 ita
1121 3190 1524 3264 comparatum
1564 3189 1681 3253 est,
1730 3191 1815 3253 ut,
1870 3186 1974 3264 qui
2002 3185 2179 3268 'apud

181 3264 628 3338 multitudinem
655 3270 761 3324 sua
793 3270 974 3324 causa
1014 3262 1301 3344 loquitur,
1344 3263 1565 3344 gratior
1592 3283 1663 3322 eo
1688 3261 1788 3334 sit,
1816 3268 1988 3346 cujus
2014 3283 2185 3326 mens¹

175 3343 344 3412 nihil,
371 3351 597 3426 praeter·
618 3344 921 3425 publicum
949 3345 1341 3415 commodum,
1382 3341 1550 3402 vid-et
1574 3357 1600 3412 ς
1632 3343 1751 3403 nisi
1790 3343 1941 3404 forte·
1968 3364 2172 3406 assen-

182 3427 408 3482 tatores
435 3425 719 3504 publicos,
747 3424 1069 3506 plebicolas
1096 3423 1265 3493 istoS,
1292 3422 1397 3514 qui
1418 3441 1525 3483 vos
1553 3439 1665 3482 nec
1693 3423 1757 3482 in
1778 3423 1955 3484 imnis
1980 3424 2177 3486 necin

183 3497 304 3586 otio
331 3519 462 3562 esse
485 3503 709 3575 sinunt,
735 3511 934 3564 vestri
965 3523 1070 3564 vos
1097 3510 1281 3563 causa
1307 3502 1557 3563 incitare
1584 3513 1647 3564 et
1674 3503 1977 3563 stimulare
2004 3511 2176 3581 puta-

183 3579 284 3632 tis.
365 3580 684 3655 concitati,
710 3591 816 3644 aut
839 3584 1065 3652 honori,
1092 3591 1197 3644 aut
1225 3583 1486 3662 quaestui
1506 3583 1625 3643 illis
1647 3583 1827 3644 estis:
1867 3590 1931 3641 et
1993 3581 2093 3642 uia
2112 3582 2174 3646 in

185 3658 502 3728 concordia
543 3665 814 3724 ordinum
843 3665 1042 3727 nullos
1069 3683 1134 3724 se
1176 3683 1430 3742 usquam
1458 3683 1589 3730 esse
1616 3662 1839 3730 vident,
1880 3681 1978 3721 ma
2008 3683 2057 3722 ae
2088 3660 2177 3725 rei

186 3739 272 3798 λθ»
297 3729 480 3808 (uiam
501 3742 752 3819 nullius,
772 3749 1078 3814 turbarum
1103 3765 1176 3810 ac
1194 3743 1571 3822 seditionum,
1588 3743 1771 3808 duces
1790 3759 1925 3807 esse
1947 3741 2181 3820 volunt»¹

218 4051 438 4070 'ml
