2400 4109
1016 151 1285 216 ‘LIBER
1310 143 1387 216 v.
1900 163 1905 178 ⁴
2098 159 2221 223 ω

210 318 495 382 nimentis
542 327 747 379 arcere
786 317 928 387 vim,
981 333 1051 376 ac
1078 319 1237 376 tueri
1264 337 1331 376 se
1358 319 1433 376 ab
1459 315 1753 379 exteriore
1777 321 2055 398 poterant
2079 317 2214 380 hos·
2266 355 2289 379 a

209 410 275 474 te
303 422 321 472 3
359 419 481 459 una
509 419 644 480 spes
672 403 821 468 erat,
875 398 927 457 si
975 417 1049 456 ex
1077 397 1397 478 majoribus
1424 398 1637 458 castris
1664 399 2112 469 subveniretur,
2144 407 2215 462 ut

210 482 466 542 diversae
521 481 804 560 legiones,
852 478 989 537 aliae
1031 477 1321 536 adversus
1368 477 1733 558 Capenatem
1778 499 1849 538 ac
1892 479 2214 552 Faliscum,

213 563 352 624 aliae
383 565 592 620 contra
618 557 990 638 eruptionem
1017 557 1445 637 oppidanorum
1492 565 1839 638 pugnarent.
1922 559 2041 620 Sed
2085 581 2217 621 cas-

209 641 324 702 tris
352 647 612 721 praeerat
638 639 964 719 VirginiuS,
1007 637 1283 717 privatim
1310 637 1517 718 Sergio
1543 639 1775 697 invisus
1802 637 2214 719 infestusque3

209 719 285 792 is,
331 741 517 801 quum
557 721 846 801 pleraque
887 717 1136 777 castella
1177 725 1532 798 oppugnata,
1562 728 1896 798 ‘superatas
1938 722 2216 782 munitio-

205 821 333 870 neS,
364 802 648 879 utrinque
689 799 889 857 invehi
921 799 1148 857 hostem
1203 797 1605 866 nunciaretur,
1660 801 1720 857 in
1764 799 1943 874 armis
1996 801 2217 862 milites

206 883 404 943 tenuit
432 903 449 942 ε
491 881 543 939 si
591 899 738 959 opus
768 878 920 938 soret
946 879 1183 946 auxilio,
1234 878 1521 956 collegam
1553 877 1837 939 dictitans
1864 880 1940 938 ad
1980 901 2045 940 se
2073 881 2217 942 mis-

207 979 437 1022 surum.
519 960 718 1040 Hujus
763 957 1163 1040 arrogantiam
1210 957 1539 1038 pertinacia
1594 958 1846 1027 alterius,
1893 963 2169 1037 aequabat
2186 977 2217 1035 ‘3

208 1041 335 1120 qui,
377 1061 454 1100 ne
481 1060 660 1118 quam
707 1059 880 1119 opem
929 1041 1002 1096 ab
1049 1038 1293 1096 inimico
1344 1037 1649 1096 videretur
1674 1040 1914 1129 petisse,
1940 1040 2101 1100 vinci
2142 1045 2217 1103 ab

207 1121 399 1188 hoste,
446 1121 627 1200 quim
654 1113 892 1179 vincere
918 1138 1027 1198 per
1055 1119 1265 1186 civem,
1311 1118 1537 1177 maluit.
1619 1119 1738 1178 Dm
1766 1118 1828 1177 in
1870 1120 2067 1181 medio
2094 1143 2218 1182 cae-
2276 1151 2297 1172 ·

211 1201 265 1261 si
323 1201 587 1269 milites;
648 1200 964 1279 postremo,
1017 1197 1274 1257 desertis
1327 1196 1772 1267 munitionibuS,
1824 1201 2105 1279 perpauci
2152 1201 2216 1263 in

209 1283 436 1360 majora
465 1287 677 1347 castra,
707 1301 842 1360 pars
874 1279 1337 1357 maximadatque
1364 1277 1493 1358 ipse
1524 1279 1765 1358 Sergius
1806 1279 2054 1340 Romam
2082 1301 2217 1374 per·-

206 1361 572 1430 tenderunt3
615 1359 715 1418 ubi
759 1379 1222 1438 quum‘mnnem
1270 1360 1507 1437 culpam
1538 1358 1601 1417 in
1644 1359 1932 1439 collegam
1961 1360 2189 1423 incllna

204 1446 318 1508 ret,
347 1441 529 1500 acciri
554 1440 892 1520 virginium
922 1459 996 1496 ex
1025 1439 1261 1513 casltriS,
1284 1439 1515 1497 interea
1543 1459 1805 1518 praeesse
1828 1441 2057 1520 legatos
2083 1442 2187 1520 pla

206 1521 352 1579 cuit.
435 1524 593 1579 Acta
645 1518 864 1578 deinde
912 1519 976 1576 in
1018 1526 1231 1578 senatu
1281 1539 1374 1578 res
1425 1527 1535 1586 est,
1592 1525 2002 1598 certatumque
2056 1521 2215 1582 inter

207 1601 472 1680 collegas
525 1599 910 1668 maledictis3
952 1599 1127 1678 pauci
1176 1596 1540 1678 reipublicae,
1593 1597 1729 1657 huic
1758 1605 1941 1677 atque
1988 1599 2095 1669 illi,
2149 1611 2217 1664 ut

212 1699 490 1760 quosque
512 1681 774 1738 studium
804 1677 1079 1758 privatim
1123 1685 1230 1737 aut
1256 1678 1447 1757 gratia
1475 1689 1937 1757 occupaverunt,
1978 1681 2218 1742 adsunt.

295 1761 404 1818 IX.
446 1760 744 1819 Primores
774 1761 1048 1825 Patrunu·
1095 1758 1223 1816 sive
1253 1759 1431 1836 culpa
1482 1758 1605 1816 sive
1648 1757 2003 1819 infelicitate
2030 1760 2222 1843 impe-

213 1845 479 1899 ratorum
531 1846 653 1898 tam
699 1837 1092 1919 ignominiosa
1137 1838 1341 1897 clades
1387 1844 1635 1917 accepta
1682 1845 1861 1908 esset,
1910 1845 2221 1913 censuere,

207 1931 244 1956 ‘⁶
272 1919 415 1978 Non
443 1919 906 1998 exspectandum
948 1919 1184 1998 justum
1235 1924 1473 1996 tempus
1518 1918 1909 1987 comitiorum,
1966 1923 2070 1980 sed
2114 1943 2220 1982 ex-

155 2062 166 2072 ,
213 1999 442 2079 templo
483 2019 668 2073 novos
693 1997 958 2058 tribunos
1005 1998 1262 2057 militum
1293 1998 1581 2056 creandos
1610 2019 1761 2067 esse,
1789 1999 1893 2076 qui
1923 2001 2218 2062 Kalendis

217 2078 570 2138 Octobribus
601 2078 1008 2170 magistratum
1038 2078 1443 2168 occiperent5”
1506 2080 1599 2168 ’In
1642 2081 2219 2169 quarn-sententiam

217 2179 402 2236 quum
430 2157 681 2238 pedibus
710 2164 918 2224 iretur,
959 2157 1141 2216 ceteri
1169 2157 1394 2216 tribum
1444 2157 1699 2216 mil-itum
1727 2158 1872 2216 nihil
1920 2161 2219 2221 contradi-

177 2235 182 2242 ’
215 2259 396 2309 cere3
438 2245 501 2298 at
541 2237 843 2297 enimvero
873 2237 1112 2317 Sergius
1140 2235 1583 2316 Virginiusque,
1634 2234 1888 2318 propter‘
1904 2259 2051 2317 quos
2093 2261 2219 2320 poe-

211 2319 408 2378 nitere
453 2318 911 2398 magistratuum
966 2320 1096 2397 ejus
1139 2317 1281 2375 anni
1324 2320 1979 2398 senatum-apparebat,
2026 2321 2219 2400 primo

208 2398 522 2478 deprecari
547 2392 949 2478 ignominiam,
999 2396 1219 2456 deinde
1247 2397 1621 2456 intercedere
1651 2401 2168 2460 senatusconsulto
2198 2423 2215 2461 t

207 2497 448 2557 negare»,
499 2497 562 2536 se
607 2487 746 2536 ante
792 2477 937 2534 Idus
985 2478 1367 2544 Decembres„
1422 2477 1725 2541 solennem
1772 2478 2049 2540 ineundis
2090 2501 2217 2542 ma-

205 2558 556 2637 gistratibus
604 2557 784 2626 diem,
830 2556 1051 2616 honore
1102 2556 1365 2616 abituros
1394 2575 1543 2614 esse.
1625 2560 1792 2616 Inter
1831 2558 1961 2619 haec
1990 2560 2217 2624 tribuni

209 2637 422 2717 plebis,
450 2658 632 2715 quum
660 2637 724 2695 in
751 2637 1070 2695 concordia
1096 2636 1398 2696 hominum
1430 2637 1830 2716 secundisque
1859 2643 2033 2700 rebus
2064 2642 2214 2703 civi-

209 2716 352 2776 tatis
380 2717 550 2776 inviti
582 2716 882 2777 silentium
912 2716 1266 2786 tenuissent,
1322 2715 1549 2776 feroces
1586 2720 1834 2798 repenti=
1866 2719 2077 2781 minari
2104 2723 2214 2784 tri-

204 2796 382 2856 bunis
414 2797 684 2866 militum,
719 2796 844 2863 ‚nisi
887 2797 950 2854 in
978 2797 1333 2856 auctoritate
1362 2803 1609 2856 senatos
1637 2806 1855 2867 essent,
1898 2819 1960 2858 se
1988 2800 2051 2860 in
2078 2802 2213 2863 vin-

207 2878 346 2936 cula
363 2896 464 2935 eos
492 2877 633 2936 duci
653 2879 930 2956 jussuros
959 2896 1108 2935 esse.
1190 2877 1349 2938 Tum
1375 2877 1447 2934 O.
1477 2875 1763 2936 Servilius
1803 2880 1995 2938 Ahala
2022 2875 2212 2942 tribil-

207 2975 322 3016 nus
355 2956 608 3014 militum
639 2976 655 3014 ε
697 2967 730 2992 “
756 2955 927 3030 Quod
968 2957 1046 3023 ad
1075 2975 1180 3014 vos
1226 2955 1457 3024 attinet,
1486 2957 1708 3015 tribuni
1740 2957 1945 3036 plebis,
1985 2961 2211 3022 minas-

205 3055 325 3114 que
353 3045 601 3104 vestraS,
625 3055 721 3094 nae
753 3055 860 3116 ego
889 3035 1141 3096 libenter
1169 3035 1483 3115 experirer,
1514 3055 1589 3114 qu
1601 3037 1690 3095 Cam
1721 3057 1836 3096 non
1864 3039 1999 3117 plus
2027 3039 2087 3097 in
2117 3040 2209 3100 his

195 3115 372 3195 juris,
401 3136 478 3195 qu
498 3118 580 3174 {m
609 3115 672 3174 in
694 3117 859 3174 vobis
887 3115 1087 3184 animi,
1111 3125 1288 3174 esset.
1372 3116 1489 3174 Sed
1520 3115 1688 3175 nefas
1718 3123 1810 3176 est
1832 3117 2080 3177 tendere
2100 3120 2207 3179 ad-

207 3210 419 3255 versus
449 3196 865 3256 auctoritatem
893 3201 1138 3254 senatus
1161 3215 1178 3264 ;
1224 3195 1469 3286 proinde
1516 3201 1579 3254 et
1620 3217 1724 3255 vos
1766 3196 2022 3256 desinite
2047 3199 2209 3259 inter

207 3287 412 3334 nostra
452 3275 782 3334 certamina
822 3275 1018 3334 locum
1063 3273 1299 3353 injuriae
1344 3295 1655 3354 quaeretet
1698 3282 1761 3334 et
1812 3277 2058 3356 collegae
2100 3285 2207 3342 aut

201 3354 446 3422 facient,
499 3355 660 3432 quod
691 3361 899 3414 censet
927 3362 1191 3423 senatus,
1240 3361 1363 3424 aut,
1412 3355 1464 3413 si
1518 3355 1887 3434 pertinacius
1933 3358 2203 3429 tendent,

203 3435 556 3496 dictatorem
585 3435 885 3514 extemplo
913 3434 1128 3503 dicam,
1156 3433 1261 3513 qui
1290 3453 1393 3492 eos
1415 3434 1575 3494 abire
1594 3433 1944 3514 magistratu
1966 3441 2203 3520 cogat.”

205 3514 402 3589 Quum
429 3514 689 3573 omnium
717 3529 966 3573 assensu
994 3515 1372 3594 comprobata
1398 3514 1583 3572 oratio
1611 3520 1787 3581 esset,
1840 3518 2202 3594 gauderent·

199 3613 317 3674 que
362 3593 592 3662 PatreS,
647 3594 776 3653 sine
826 3593 1154 3652 tribuniciae
1196 3592 1511 3672 potestatis
1561 3591 1855 3652 terriculis
1896 3595 2201 3659 inventam

200 3693 330 3733 esse
381 3673 558 3732 aliam
600 3673 721 3732 vim
751 3673 1031 3752 majorem
1071 3672 1148 3733 ad
1178 3671 1542 3746 coercendos
1588 3667 1966 3748 magistratus
1996 3695 2013 3744 3
2054 3673 2200 3732 victi

203 3771 500 3826 consensu
528 3753 790 3813 omnium
817 3752 1059 3890 wmdtfia
1099 3751 1470 3812 tribunorum
1496 3747 1753 3808 militum
1794 3749 2067 3818 habuere,
2094 3743 2205 3824 qui
