2400 4109
201 155 312 218 168
459 144 479 150 “
1024 153 1102 216 Τ.
1130 152 1345 217 mvn

273 315 465 378 LXX«
505 313 578 375 In
603 317 866 380 exercitu
895 315 1160 376 Romano
1189 338 1370 396 quum
1402 316 1521 377 duo
1556 317 1831 378 consules
1861 324 2061 380 essent
2086 339 2194 401 po-

189 405 408 459 testate
445 418 576 478 pam
599 419 616 468 3
658 397 818 478 quod
848 397 1297 457 saluberrimum
1320 398 1383 457 in
1410 398 1922 460 administratione
1949 421 2195 482 magna-

190 497 323 538 rum
345 497 542 536 rer-um
573 484 683 547 est,
713 498 940 538 summa
966 477 1220 556 imperii,
1264 478 1629 539 concedente
1674 481 1959 561 Agrippa,
1990 500 2193 560 ⁴>penes

119 619 152 630 ,-
191 557 477 638 collegam
510 565 639 618 erat
668 578 683 617 ε
725 565 788 618 et
812 559 1099 638 praelatus
1126 557 1234 617 ille
1261 557 1539 619 facilitati
1568 560 1969 620 submittentis
1998 581 2062 620 se
2093 582 2197 622 co-

199 637 378 698 miter
423 638 834 718 respondebat,
877 638 1379 697 communicando.
1419 639 1668 701 consilia
1718 641 2069 720 laudesque,
2138 649 2202 703 et

115 767 143 780 ..
189 719 490 798 ecquando
517 721 799 797 imparem
825 719 954 777 sibi.
1041 718 1114 776 ln
1156 718 1285 777 a‘cie
1316 718 1631 791 Quinctius
1680 719 1958 778 dextrum
1987 741 2193 790 cornu,

189 798 459 879 Agrippa
485 797 792 858 sinistrum
831 797 1066 857 tenuit:
1111 797 1212 877 sp.
1254 799 1555 858 Postumio
1604 800 1758 859 Albo
1788 802 1985 880 legato
2012 801 2193 861 datur

185 879 386 938 media
411 877 571 937 acies
599 878 824 938 tuenda
855 897 872 948 3
913 879 1173 958 legatum
1202 878 1453 937 alterum
1486 880 1614 938 Ser.
1644 879 1977 962 Sulpicium
2020 882 2195 960 equi·-

185 959 345 1018 tibus
369 956 731 1038 praeficiunt.
810 957 1056 1018 Pedites
1103 961 1176 1018 ab
1218 960 1430 1017 dextro
1456 979 1638 1019 cornu
1685 960 1919 1042 egregie
1961 981 2189 1041 pugna-

181 1057 343 1105 vere,
397 1037 557 1098 haud
599 1036 860 1120 segniter
911 1038 1323 1098 resistentibus
1380 1040 1629 1100 Volscis.
1720 1043 1847 1100 Ser.
1890 1041 2193 1122 Sulpicius

189 1137 297 1198 per
337 1118 596 1178 mediam
637 1117 896 1178 hostium
937 1117 1128 1178 aciem
1181 1139 1317 1178 cum
1362 1119 1632 1198 equitatu
1680 1119 1990 1202 perrupit3
2031 1122 2194 1182 unde

184 1217 368 1276 quum
387 1199 596 1259 eadem
626 1201 846 1258 reverti
872 1205 1074 1279 posset
1100 1198 1176 1269 ad
1207 1219 1361 1266 suOS,
1405 1200 1745 1278 priusquam
1768 1200 1955 1259 hostis
1982 1203 2189 1261 turba-

115 1323 146 1342 „
181 1283 276 1336 tos
305 1278 544 1340 ordines
572 1279 864 1349 reficeret,
905 1283 1074 1358 terga
1115 1277 1465 1358 impugnare
1494 1279 1743 1340 hostium
1776 1279 1963 1339 satius
1991 1281 2188 1340 visum

183 1363 318 1427 est3
359 1363 777 1438 momentoque
803 1358 1104 1438 temporiS,
1151 1357 1218 1416 in
1260 1377 1528 1417 aversam
1568 1359 1931 1424 incursando
1973 1360 2186 1431 aciem,

175 1438 428 1520 ancipiti
455 1446 679 1499 terrore
706 1437 1053 1518 dissipasset
1095 1439 1295 1498 hostes
1318 1457 1336 1508 3
1374 1438 1441 1496 ni
1471 1457 1575 1497 suo
1602 1439 1837 1520 proprio
1866 1458 2001 1498 eum
2025 1460 2189 1519 proe-

181 1519 263 1578 lio
291 1520 526 1598 equites
577 1519 928 1578 Volscorum
975 1523 1036 1578 et
1062 1521 1398 1598 AEquorum
1456 1532 1772 1600 exceptum
1814 1519 2186 1598 aliquamdiu

179 1599 537 1660 tenuissent.
617 1599 708 1658 lbi
746 1600 891 1660 vero
920 1599 1243 1737 Sulllfic'mS,
1290 1618 1505 1678 negare
1544 1599 1923 1660 “cunctandi
1949 1606 2185 1680 tempus

125 1726 132 1732 .
183 1699 335 1748 esse,
389 1680 828 1758 circumventos
851 1678 1045 1740 intere
1071 1698 1331 1758 usosque
1358 1681 1433 1739 ab
1457 1678 1629 1738 suis„
1668 1679 2025 1749 vociferum,
2066 1693 2101 1716 “
2122 1681 2187 1740 ni

179 1765 458 1836 equestre
497 1760 772 1840 proelium
803 1758 1033 1820 connisi
1060 1759 1222 1820 omni
1249 1757 1309 1818 vi
1358 1759 1735 1840 perficerent.
1816 1761 1951 1820 Nec
1979 1761 2187 1842 fugare

179 1837 442 1918 equitem
469 1840 766 1920 integrum
797 1839 941 1899 satis
971 1858 1121 1909 esse,
1164 1838 1530 1898 conficerent
1557 1855 1742 1919 equos
1769 1841 2085 1920 virosques
2105 1861 2184 1902 ne

178 1918 314 1997 quis
361 1919 742 1978 reveheretur
765 1918 909 1977 inde
949 1919 1027 1977 ad
1097 1918 1357 1987 roelium,
1397 1925 1501 1978 aut
1525 1921 1853 2004 integraret
1876 1941 2136 2002 pugnam
2164 1943 2185 1994 3

175 2016 296 2058 non
324 2019 497 2080 posse
535 1998 672 2058 illes
699 1996 976 2058 resistere
1003 1939 1131 2068 εἰεί,
1158 1997 1373 2078 quibus
1415 1997 1681 2060 conferta
1706 2001 1977 2081 peditum
2018 2001 2183 2062 acies

176 2080 520 2140 cessisset.”
628 2077 804 2138 Haud
858 2077 1054 2138 surdis
1095 2078 1339 2138 auribus
1379 2077 1588 2140 dicta:
1626 2081 2018 2162 impressione
2056 2081 2179 2144 una

173 2164 365 2219 totum
395 2159 728 2238 equitatum
753 2159 982 2228 fudere,
1009 2179 1287 2240 magnam
1304 2159 1426 2218 vim
1448 2179 1522 2219 ex
1540 2160 1711 2240 equis
1730 2161 2183 2242 precipitavere,

175 2238 194 2297 i
241 2259 336 2299 sos
365 2259 678 2320 equosque·
695 2239 941 2320 spiculis
970 2239 1289 2299 confodere
1318 2259 1337 2310 3
1376 2238 1430 2298 is
1456 2239 1594 2300 finis
1634 2261 1849 2322 pugnae
1877 2242 2177 2320 equestris

207 2319 311 2378 uit.
394 2321 590 2388 Tunc,
631 2319 824 2380 adorti
865 2319 1136 2400 peditum
1161 2319 1371 2388 aciem,
1413 2320 1662 2381 nuncios
1688 2319 1764 2382 ad
1794 2322 2067 2380 consules
2088 2321 2183 2383 rei

174 2404 362 2480 gestae
388 2399 654 2468 mittunt,
682 2399 781 2458 ubi
799 2401 929 2490 jam
971 2400 1372 2468 inclinabatur
1396 2400 1651 2461 hostium
1680 2401 1840 2462 acies
1863 2420 1881 2471 3
1921 2400 2180 2462 nuncius

176 2479 396 2538 deinde
445 2485 506 2538 et
551 2479 927 2541 vincentibus
955 2479 1243 2540 Romanis
1270 2479 1497 2541 animos
1524 2481 1706 2550 auxit,
1748 2489 1810 2542 et
1848 2481 2178 2544 referentes

171 2559 423 2640 gradum
452 2559 712 2639 perculit
737 2561 991 2639 AEquoS.
1074 2561 1147 2619 In
1174 2559 1372 2620 media
1398 2561 1653 2640 primum
1672 2561 1800 2622 acie
1822 2561 1985 2622 vinci
2008 2583 2177 2644 coep-

174 2641 242 2708 ti,
297 2659 416 2718 qua
455 2640 778 2720 permissus
820 2640 1120 2718 equitatus
1165 2641 1477 2699 tubaverat
1519 2641 1775 2700 ordines.
1856 2641 2182 2705 Sinistrum

172 2719 392 2780 deinde
421 2739 603 2779 cornu
646 2722 718 2780 ab
746 2715 1028 2795 Quinctio
1075 2719 1319 2779 consule
1349 2718 1494 2798 pelli
1520 2727 1782 2800 coeptum
1811 2739 1829 2789 3
1870 2717 2177 2784 in‘dextro

171 2799 493 2882 plurimum
519 2800 734 2861 laboris
753 2800 888 2860 fuit.
971 2799 1062 2860 Ibi
1089 2799 1375 2882 Agrippa,
1418 2805 1595 2859 aetate
1624 2799 1964 2879 viribusque
1991 2803 2179 2874 ferox,
2214 2876 2223 2881 -

171 2901 357 2960 quum
383 2880 545 2940 omni
583 2888 752 2962 parte
781 2899 998 2962 pugnae
1041 2879 1259 2938 melius
1286 2897 1382 2939 res
1410 2879 1551 2960 geri,
1579 2880 1757 2960 quim
1788 2882 1957 2962 apud¹
1978 2903 2061 2953 se,
2084 2885 2178 2944 vi·

171 2961 360 3031 deret,
388 2969 636 3042 accepta
661 2960 829 3041 signa
854 2961 928 3020 ab
956 2957 1251 3041 signiferis
1272 2959 1401 3040 ipse
1428 2960 1668 3027 inferre,
1692 2961 1981 3040 quasdam
2002 2965 2177 3044 jace-

171 3061 239 3102 re
267 3043 446 3102 etiam
472 3041 535 3100 in
579 3041 877 3100 confertos
917 3040 1117 3100 hostes
1145 3039 1345 3120 coepit.
1428 3040 1620 3122 Cujus
1646 3041 1982 3122 ignominias
2011 3053 2177 3106 metu

169 3121 457 3182 concitati
483 3120 721 3190 milites,
759 3119 1032 3180 invasere
1058 3120 1287 3179 hostem
1312 3141 1331 3191 3
1370 3120 1457 3182 ita
1486 3127 1723 3200 aequata
1750 3142 1827 3182 ex
1852 3123 2011 3184 omni
2040 3145 2187 3205 par-

166 3207 228 3263 te
268 3200 520 3262 victoria
547 3207 656 3260 est.
738 3200 1019 3260 Nuncius
1067 3207 1195 3260 tum
1244 3202 1276 3260 εἴ
1320 3200 1601 3274 Quinctio
1646 3203 1831 3273 venit,
1885 3203 2171 3266 victorem

159 3284 288 3362 jam
333 3301 399 3341 se
438 3281 748 3342 imminere
791 3280 1049 3342 hostium
1105 3279 1356 3352 casu-is3
1398 3281 1558 3342 nolle
1603 3281 1949 3363 irrumpere,
2002 3295 2177 3346 ante-

163 3381 346 3498 quam
375 3362 527 3422 sciat
553 3361 917 3422 debellatum
947 3369 1009 3422 et
1034 3360 1097 3420 in
1126 3361 1366 3422 sinistro
1394 3382 1576 3422 cornu
1607 3383 1757 3424 esse.
1840 3362 1913 3422 Si
1920 3365 2047 3444 jam
2074 3366 2173 3428 fu-

209 3441 355 3501 isset
378 3441 596 3511 hostm,
645 3442 942 3502 conferret
981 3441 1060 3500 ad
1087 3453 1153 3502 'se
1180 3441 1373 3522 signa,
1413 3449 1484 3503 ut
1524 3442 1700 3503 simul
1728 3442 1915 3504 omnis
1940 3445 2175 3505 exerci-

161 3521 263 3604 tus
293 3521 493 3596 praeda
520 3522 827 3602 potiretur.
908 3521 1116 3582 Victor
1165 3522 1432 3604 Agrippa
1473 3543 1611 3584 cum
1650 3542 1861 3606 magna
1904 3525 2173 3604 gratula-

163 3595 333 3684 tione·
367 3600 438 3656 ad
485 3604 772 3663 victorem
811 3601 1098 3683 collegam
1155 3609 1472 3682 castraque
1524 3603 1779 3664 hostium
1830 3603 1997 3661 venit
2026 3623 2052 3674 3
2088 3605 2171 3665 ibi

161 3687 370 3759 pauc-..is-
397 3677 822 3744 defendentibu
834 3703 882 3753 S,
937 3689 1352 3762 momentoque
1380 3684 1562 3753 fusis,·
1593 3679 1721 3744 side
1749 3682 2075 3744 certamine
2104 3685 2172 3746 in

159 3753 520 3813 munitiones
559 3759 941 3844 irrumpunt3
982 3764 1313 3848 praedaque
1344 3763 1589 3848 ingenti
1637 3767 1970 3845 compotem
1996 3785 2172 3840 exer-
