2400 4109
26 391 42 415 k,

989 142 1253 206 LIBER
1280 145 1389 206 Ν.
1926 105 1968 168 ·.
2097 155 2220 214 aas·

209 307 329 371 scis
355 308 444 368 ab*
471 305 715 367 consule
755 304 1102 376 exercitum,
1155 305 1411 367 traditos
1451 303 1529 366 ad
1570 305 1802 370 caedem
1852 305 2219 373 fortissimos¹

208 390 463 470 equiteS,
511 388 750 448 deserta
793 386 955 447 toede
1005 393 1227 456 castra,
1272 385 1585 446 vociferati
1610 395 1855 459 essent3
1896 389 1969 448 C.
1994 391 2211 462 Julius,

205 469 363 531 unus
405 489 478 532 ex
520 467 791 538 tribunis»,
846 465 1245 546 Tempanium
1300 466 1565 547 equitem
1605 469 1805 530 vocari
1850 471 2069 530 'ussitz
2112 491 2214 532 co-

205 563 457 628 ramque
479 549 587 619 eiS,
613 549 857 608 “Sexte
883 546 1246 628 Tempani,”
1270 546 1487 627 inquit,
1540 559 1577 584 “
1595 567 1802 628 quaero
1872 569 1905 608 e
1930 555 2012 620 te,
2060 551 2217 612 arbi-

207 631 465 692 trerisne
493 631 566 689 G.
597 625 1010 708 Sempronium
1065 626 1371 688 consulem
1418 633 1529 688 aut
1566 627 1635 687 in'
1660 635 1780 689 tem
1826 649 1926 689 ore
1953 649 2215 714 pugnam

205 709 415 781 inisse,
469 715 574 770 aut
620 709 894 768 firmasse
923 706 1199 767 subsidiis
1232 706 1438 777 aciem,
1486 714 1591 769 aut
1629 709 1757 769 ullo
1822 709 1922 770 oni
1951 712 2215 773 consulis

206 789 484 858 stinctum
515 787 756 850 officio?
797 791 878 859 et,
929 794 1076 848 tunc
1122 789 1272 868 ipse,
1328 787 1502 848 victis
1530 787 1859 870 legionibus
1912 791 2218 864 RomauiS,

203 871 312 933 t'uo
341 870 588 931 consilio
616 869 879 949 equitem
907 867 984 928 ad
1011 868 1195 948 pedes
1224 868 1565 938 deduxeris,
1592 869 2042 949 restituerisque
2063 892 2216 952 pug-

205 953 392 1011 nam?
435 951 678 1012 excluso
721 949 938 1009 deinde
979 938 1052 1008 ab
1107 947 1238 1008 acie
1262 953 1483 1008 ‘nostra
1522 949 1639 1008 tibi'
1680 955 1860 1029 atque
1914 951 2216 1029 equitibus
2290 1001 2295 1004 .

207 1049 354 1092 num
383 1037 486 1090 aut
515 1029 718 1095 consul
745 1029 873 1108 ipse
901 1029 1261 1108 subvenerit,
1290 1033 1394 1088 aut
1413 1027 1638 1088 miserit
1652 1029 2001 1109 praesidium
2023 1031 2049 1088 ἕ
2074 1051 2221 1112 pos⁴

205 1117 344 1172 tero
387 1109 648 1188 denique
686 1107 783 1178 die
811 1109 1029 1189 ecquid
1083 1105 1329 1189 presidii
1374 1107 1624 1188 usquam
1668 1109 1987 1170 habueris?
2028 1132 2104 1171 an
2145 1118 2215 1174 tn

211 1191 538 1268 cohorsque
589 1189 652 1248 in
683 1195 878 1249 castra
904 1194 1106 1249 vestra
1134 1188 1357 1247 virtute
1384 1187 1819 1268 perruperitis?
1861 1199 2109 1269 ecquem
2143 1193 2216 1253 in

211 1270 426 1332 castris
479 1269 803 1340 consulem,
857 1289 1072 1348 equem
1103 1267 1432 1328 exercitum
1462 1267 1813 1328 inveneritis
1838 1269 1863 1326 P
1907 1289 1985 1330 an
2014 1271 2219 1332 deser-

206 1357 274 1411 ta
291 1348 516 1420 castra,
537 1349 780 1410 relictos
803 1349 1036 1408 saucios
1067 1349 1287 1408 milites
1311 1349 1337 1406 Ρ
1381 1348 1535 1407 Haec
1565 1361 1672 1428 pr'o
1696 1348 1921 1409 virtute
1940 1357 2043 1410 tua
2068 1351 2220 1412 fide-

209 1451 348 1510 que,
403 1437 524 1510 qua
549 1435 670 1489 una
713 1429 825 1488 hoc
867 1427 1024 1488 bello
1051 1427 1389 1509 respublica
1428 1427 1615 1498 stetit,
1656 1427 1918 1508 dicenda
1942 1430 2048 1490 tibi
2076 1437 2221 1494 sunt

209 1510 407 1570 hodie.
488 1505 788 1588 Denique,
828 1507 930 1568 ubi
983 1508 1057 1567 C.
1085 1507 1489 1598 SemproniuS,
1529 1509 1629 1566 ubi
1672 1509 1937 1589 legiones
1990 1519 2218 1572 nostrae

173 1591 382 1650 sint?
423 1590 701 1649 desertus
731 1590 838 1658 sie,
874 1607 952 1648 an
991 1587 1337 1646 deserueris
1381 1586 1689 1662 consulem
1730 1589 2224 1670 exercitumque?

213 1670 366 1742 victi⁴
391 1668 655 1747 denique
683 1667 886 1736 simuS,
927 1687 1008 1727 an
1033 1666 1352 1734 vicerimus
1377 1665 1449 1724 1³⁹⁹
1934 1691 1937 1694 ·

295 1749 466 1808 XLI.
508 1748 609 1811 Ad
633 1767 840 1807 versus
858 1746 992 1825 haec
1010 1745 1331 1826 Tempanii
1352 1746 1539 1806 oratio
1560 1745 1862 1827 incompta
1881 1743 2067 1810 fuisse
2091 1749 2223 1812 dic-

215 1830 341 1890 itur
360 1851 378 1901 3
442 1829 712 1891 ceterum
756 1827 1092 1887 militariter
1129 1825 1350 1908 gravis,
1391 1825 1524 1887 non‘
1566 1827 1691 1887 suis
1732 1847 1887 1888 vana
1927 1829 2223 1901 laudibus,

217 1929 340 1970 non
368 1907 616 1968 crimine
643 1907 843 1968 alieno
865 1909 1008 1968 laeta
1037 1927 1054 1966 ε
1095 1917 1130 1944 “
1154 1908 1395 1981 Quanta
1422 1906 1740 1999 prudentia
1768 1907 1854 1968 rei
1882 1911 2114 1972 bellicae
2154 1911 2223 1972 in'

218 1991 292 2050 C.
322 1987 667 2068 Sempronio
697 1993 876 2057 esset,
920 2007 1041 2048 non
1067 1987 1277 2047 militis
1304 1987 1381 2046 de
1428 1993 1785 2068 lmperatore
1830 1991 2221 2051 existimatio-

218 2077 370 2131 nem'
388 2089 539 2140 esse,
557 2069 664 2129 sed
690 2087 766 2150 po
807 2067 895 2126 uli
915 2066 1170 2126 Romani
1195 2065 1401 2134 fuisse,
1430 2087 1611 2146 quum
1636 2087 1771 2127 eum
1795 2069 2053 2130 comitiis
2081 2090 2226 2132 con·

223 2151 416 2212 sulem
443 2149 689 2228 legeret.
767 2089 988 2226 l'taque
1027 2166 1105 2206 ne
1153 2149 1228 2206 ab
1270 2166 1335 2206 se
1377 2143 1755 2227 imperatoria
1796 2148 2063 2219 consilia,
2104 2170 2224 2211 neu

223 2230 567 2304 consulares
595 2235 754 2289 artes
784 2225 1186 2305 exquirerent,
1236 2243 1367 2305 quoe
1396 2227 1755 2306 pensitanda
1796 2246 2034 2308 quoque
2063 2251 2227 2312 mag-

221 2309 320 2372 nis
348 2309 560 2372 animis
589 2315 770 2388 atque
814 2306 1069 2388 ingeniis
1099 2311 1341 2376 essent3
1382 2305 1507 2375 sed,
1536 2305 1697 2385 quod
1724 2305 1961 2378 viderit,
2005 2310 2225 2372 referre

122 2445 128 2452 .
222 2410 419 2472 posse.
499 2387 744 2447 Vidisse
772 2392 975 2447 autem
1003 2405 1068 2445 se
1095 2383 1283 2478 prid&
1311 2385 1493 2464 quim
1522 2389 1595 2445 ab
1622 2387 1751 2446 acie
1792 2387 2226 2459 intercludere·

221 2478 342 2540 tur,
384 2467 692 2528 consulem
720 2467 783 2527 in
813 2465 1002 2546 prima
1027 2485 1155 2525 acle
1184 2471 1568 2546 pugnantem,
1611 2465 2044 2540 adhortantem,
2071 2469 2228 2536 inter

179 2549 183 2554 ’
221 2551 396 2630 signa
420 2549 688 2608 Romana
705 2547 948 2624 telaque
967 2545 1227 2605 hostium
1246 2551 1583 2606 versantem
1604 2565 1618 2604 t
1659 2553 1867 2627 postea
1889 2561 1977 2619 se,
1994 2552 2066 2611 ab
2084 2571 2228 2612 con-

227 2635 439 2722 spectu
463 2647 704 2686 suorum
731 2625 1014 2695 ablatum,
1038 2645 1118 2686 ex
1149 2626 1403 2706 strepitu
1452 2631 1652 2685 tamen
1681 2634 1743 2688 et
1791 2628 2047 2690 clamore
2090 2652 2228 2694 sen-

225 2730 398 2778 sisse,
425 2727 618 2786 usque
639 2707 716 2767 ad
761 2705 1000 2766 noctem
1037 2711 1377 2780 extractum
1407 2712 1745 2766 certamen:
1787 2727 1900 2770 nec
1924 2711 2001 2770 ad
2029 2717 2229 2772 tumu-

223 2791 372 2859 lum,
401 2807 581 2869 quem
609 2788 736 2868 ipse
762 2791 1058 2856 tenuerat,
1087 2803 1213 2865 prae
1240 2785 1628 2846 multitudine
1676 2787 1934 2848 hostium
1984 2793 2231 2854 credere

228 2869 533 2952 perrumpi
574 2867 854 2947 potuisse.
935 2864 1259 2924 Exercitus
1308 2865 1409 2924 ubi
1438 2873 1613 2934 esset,
1656 2886 1720 2926 se
1762 2867 1995 2929 nescire
2019 2891 2043 2929 ι
2076 2873 2231 2932 arbi·-

229 2949 395 3018 trari,
436 2947 604 3007 velut
630 2947 649 3005 i
694 2956 758 3006 se
782 2946 939 3006 inre
963 2943 1198 3025 trepida
1224 2943 1344 3004 loci
1364 2945 1647 3025 praesidio
1667 2966 1731 3006 se
1752 2967 2010 3027 suosque
2034 2951 2113 3009 sit
2132 2957 2231 3010 tu-

229 3033 415 3096 tatus,
456 3028 544 3087 sic
587 3048 620 3085 c
702 3026 892 3086 sulem
935 3023 1214 3098 servandi
1256 3025 1555 3084 exercitus
1597 3033 1799 3096 causa,
1842 3029 1973 3086 loca
2013 3029 2233 3091 tutiora

234 3107 451 3170 castris
479 3107 730 3187 cepisse.
811 3105 946 3166 Nec
978 3105 1329 3165 Volscorum
1363 3104 1639 3165 meliores
1670 3125 1766 3165 res
1809 3126 1939 3166 esse
1968 3107 2235 3179 credere,

233 3190 420 3270 quam
459 3186 664 3280 populi
695 3185 965 3246 Romani.
1047 3185 1372 3245 Fortunam
1400 3190 1753 3264 noctem-que
1797 3185 1993 3245 omnia
2020 3189 2234 3250 erroris

232 3265 428 3330 mutui
467 3262 749 3347 implesse
769 3267 831 3334 ;”
871 3268 1337 3344 precantemque
1376 3263 1615 3334 deinde,
1655 3285 1733 3324 ne
1775 3285 1839 3325 se
1880 3265 2104 3326 fessum
2142 3267 2236 3328 la·

229 3351 376 3412 bore
405 3366 477 3406 ac
505 3347 849 3406 vulneribus
879 3344 1173 3413 tenerent,
1203 3345 1341 3402 cum
1362 3343 1590 3424 ingenti
1621 3344 1816 3412 laude,
1842 3363 1961 3402 non
1990 3345 2231 3412 virtutis

231 3426 446 3510 magiS,
499 3427 680 3506 quzim
709 3423 1147 3494 moderationis,
1188 3423 1518 3482 dimissum.
1600 3425 1799 3498 Quum
1826 3422 1957 3482 haec
1988 3445 2234 3507 ageren«

231 3514 352 3575 tur,
382 3509 500 3566 ‘am
528 3505 736 3566 consul
759 3500 1188 3569 via‘Lavicana
1214 3505 1289 3564 ad
1317 3503 1521 3563 fanum
1545 3502 1777 3575 Quietis
1795 3508 1921 3561 erat
1944 3523 1961 3572 ;
2004 3507 2074 3564 eo
2092 3509 2237 3568 mis·
2288 3571 2293 3578 ,

227 3590 299 3649 ‘sa
341 3609 378 3668 p
405 3593 608 3646 austra
652 3587 1046 3665 jumentaque
1077 3584 1204 3644 alia
1244 3585 1319 3644 ab
1371 3585 1516 3641 urbe
1558 3579 1906 3650 exercitum,
1948 3586 2228 3644 affectum

235 3665 456 3762 proelio
483 3686 553 3726 ac
584 3665 684 3726 vi&
711 3669 1026 3733 nocturna,
1053 3683 1363 3752 excepere.
1444 3659 1633 3749 Paul&
1660 3665 1797 3738 post.
1823 3659 1885 3720 in
1916 3666 2117 3722 urbem
2144 3669 2236 3720 est

238 3763 540 3830 ingressus
583 3743 812 3814 consul,
853 3761 974 3804 non
1013 3742 1086 3802 ab
1113 3762 1178 3803 se
1207 3759 1393 3820 magis
1446 3738 1617 3798 enixe
1658 3755 1939 3800 amovens
1980 3741 2235 3834 culpam·³

2243 0 2259 111 χ
2322 0 2382 52 s

2256 116 2364 148 k,-
