2400 4109
1005 155 1411 220 LIBERIH.
2090 140 2197 222 121

195 335 354 380 unus
382 316 640 400 impetus
667 319 1018 381 tribunicios
1044 321 1483 400 popularesque
1526 320 1823 400 procellas
1854 320 2205 382 sustinebat.

198 401 334 460 Hoc
361 401 544 470 duce,
565 421 729 480 saepe
757 400 916 480 pulsi
944 401 1076 460 foro
1096 402 1340 470 tribuni,
1367 401 1501 462 fusa
1529 421 1599 460 ac
1628 400 1830 481 fugata
1856 402 2025 481 plebs
2070 411 2203 474 est3

201 481 306 560 qui
333 481 540 542 obvius
577 481 788 549 fuerat,
829 481 1128 541 mulcatus
1150 482 1533 560 nudatusque
1572 481 1805 552 abibat3
1848 489 1915 540 ut
1932 482 2077 541 satis
2098 503 2205 564 ap-

198 571 452 640 pareret,
475 561 524 620 si
547 562 635 621 sic
657 561 764 643 agi-
776 561 1004 632 liceret,
1019 563 1238 632 victam
1260 562 1449 646 legem
1474 579 1625 621 esse.
1680 562 1859 630 Tum,
1878 565 2060 642 propt·
2072 565 2203 641 jam

197 642 488 720 perculsis
517 641 652 702 aliis
677 641 950 711 tribunis,
991 643 1067 701 A.
1094 642 1419 722 Virginius,
1446 663 1521 702 ex
1550 642 1801 722 collegio
1854 661 2028 712 unus»,
2058 644 2205 702 Kae-
2281 670 2289 682 ·

189 722 330 780 -soni
358 723 578 803 capitis*
597 723 758 782 diem
785 722 972 792 dicit3
1013 729 1184 783 atrox
1208 723 1513 802 ingenium
1534 722 1905 782 accenderat
1946 743 2017 782 eo
2032 723 2203 804 'facto

199 803 407 882 magiS,
449 805 632 882 quEm
662 809 1108 862 conterruerat:
1177 822 1249 862 eo
1288 802 1485 861 acrius
1526 805 1758 863 obstare
1801 802 1935 884 legi,
1977 803 2205 884 agitare

197 882 449 962 plebem,
479 883 748 962 tribunos
774 883 940 949 velut
977 885 1146 962 justo
1169 883 1459 964 persequi
1473 884 1653 942 bello.
1735 885 2070 944 Accusator
2099 903 2206 964 pa-

198 961 259 1020 ti
277 983 446 1022 reum
475 981 666 1032 ruere,
693 961 1058 1042 invidiaeque
1085 963 1387 1022 flammam
1415 983 1485 1022 ac
1515 963 1821 1022 materiam
1855 963 2203 1023 criminibus

195 1043 324 1120 suis
353 1057 708 1123 suggerere:
747 1043 939 1122 legem
966 1043 1223 1112 interim,
1248 1049 1371 1102 *non
1398 1051 1520 1102 tam
1548 1043 1623 1101 ad
1654 1064 1819 1121 spem
1844 1042 2203 1123 perferendi,

195 1124 386 1202 quclm
445 1123 520 1182 ad
564 1123 973 1182 lacessendam
1020 1122 1301 1183 Kar-:sonis
1362 1122 1775 1191 temeritatem,
1814 1124 1987 1184 ferre.
2110 1123 2203 1184 Ibi

194 1203 408 1272 multa,
436 1222 596 1294 saepe
625 1206 698 1262 ab
728 1206 1050 1282 juventute
1079 1203 1415 1262 inconsulte
1442 1204 1607 1263 dicta
1634 1202 1930 1283 factaque,
1978 1204 2038 1262 in
2066 1203 2203 1264 uni-

196 1303 270 1341 us
302 1283 581 1342 Kaesoms
603 1289 948 1364 suspectum
971 1283 1247 1342 incidunt
1273 1283 1611 1365 ingenium:
1654 1290 1855 1343 tamen
1879 1285 1995 1364 legi
2020 1285 2202 1344 resis-

197 1365 454 1423 tebatur.
541 1365 620 1423 Et
649 1368 724 1422 A.
751 1364 1058 1445 Virginius
1083 1364 1413 1424 identidem
1447 1363 1636 1445 plebi:
1695 1377 1729 1401 “
1754 1365 1987 1442 Ecquid
2014 1365 2201 1424 senti-

194 1443 276 1502 tis
295 1446 442 1522 Jam,
469 1463 595 1512 vos,
621 1444 904 1516 Quirites,
935 1445 1255 1504 Kaesonem
1274 1445 1452 1504 simul
1482 1446 1675 1506 civem
1705 1451 1766 1504 et
1791 1446 2003 1524 legem,
2022 1465 2203 1522 quam

161 1523 436 1603 ,cupitis
481 1523 693 1584 habere
722 1545 839 1584 non
881 1527 1104 1605 posse?
1183 1545 1527 1604 quanquam
1555 1525 1701 1603 quid
1744 1545 1853 1604 ego
1879 1527 2072 1604 legem
2114 1525 2203 1584 lo-

194 1607 350 1682 quo'r
371 1605 404 1662 ἓ
436 1603 698 1664 libertati
725 1609 940 1673 obstat,
989 1625 1192 1665 omnes
1221 1605 1586 1684 Tarquinios
1630 1625 1695 1662 su
1706 1603 1906 1683 perbia
1938 1620 2203 1684 -exsupe-
2245 1616 2249 1620 “

195 1680 308 1742 rat.
388 1685 772 1764 Exspectate,
801 1685 944 1744 dum
972 1685 1179 1744 consul
1212 1691 1318 1744 aut
1342 1685 1602 1756 dictator
1628 1684 1753 1752 fiat,
1796 1705 1976 1762 quem
2005 1684 2201 1764 priva-

192 1772 321 1824 tum
345 1763 568 1824 viribus
596 1772 658 1825 et
685 1765 935 1826 audacia
963 1773 1311 1846 regnantem
1340 1765 1631 1824 videtis.”
1701 1765 2203 1825 Assentiebantur

193 1845 390 1913 multi,
417 1845 686 1925 pulsatos
715 1866 780 1905 se
821 1845 1160 1924 querenteS,
1201 1853 1265 1906 et
1288 1847 1591 1906 tribunum
1639 1845 1715 1905 ad
1744 1865 1870 1907 rem
1914 1865 2205 1928 peragen·
2234 1874 2239 1880 ·

197 1925 340 1985 dam
367 1925 526 1985 ultro
551 1925 900 1987 incitabant.

277 2006 419 2063 XII.
458 2007 594 2066 Jam
621 2007 829 2066 aderat
859 2006 1090 2084 judicio
1115 2007 1265 2076 dies,
1306 2009 1764 2088 apparebatque,
1791 2006 1975 2086 vulgo
2012 2006 2205 2066 homi-

196 2105 306 2145 nes
333 2084 399 2144 in
426 2085 805 2146 damnatione
831 2087 1110 2146 Kaesonis
1138 2087 1477 2147 libertatem
1502 2087 1596 2166 agi
1615 2088 1859 2147 credere
1886 2107 1902 2154 3
1944 2093 2069 2145 tum
2096 2088 2202 2146 de·-

192 2185 358 2226 mum
387 2170 632 2226 coactus
661 2187 795 2225 cum
821 2168 1008 2238 multa
1033 2162 1393 2247 indignitate
1415 2169 1732 2247 prensabat
1754 2166 2017 2246 singulos
2048 2187 2066 2235 3
2103 2186 2203 2225 se-

193 2249 533 2326 quebantur
561 2247 900 2316 necessarii,
930 2247 1231 2327 principes
1270 2247 1551 2306 civitatis·
1636 2247 1709 2304 Τ.
1737 2245 2057 2318 Quinctius
2085 2245 2203 2306 Ca·

196 2326 506 2408 pitolinus,
533 2327 640 2406 qui
667 2335 760 2388 ter
787 2329 993 2387 consul
1023 2327 1237 2395 fuerat,
1264 2347 1446 2404 quum
1478 2327 1667 2386 multa
1704 2327 1958 2386 referret
1986 2346 2093 2386 sua
2113 2325 2205 2386 fa-

194 2407 506 2486 miliaeque
531 2407 769 2476 decora,
799 2407 1128 2467 affirmabat
1152 2429 1165 2464 ε
1185 2420 1220 2443 “
1242 2407 1457 2488 Neque
1488 2408 1549 2466 in
1573 2407 1851 2480 Quinctia
1876 2413 2071 2488 gente,
2098 2427 2203 2466 ne-

189 2507 312 2566 que
339 2486 403 2545 in
431 2487 673 2546 civitate
701 2489 970 2547 Romana
1023 2496 1252 2548 tantam
1280 2489 1537 2549 indolem
1585 2497 1705 2546 tam
1736 2493 1983 2547 maturae
2012 2486 2203 2548 virtu-

193 2568 278 2628 tis
308 2587 569 2646 unquam
600 2568 889 2627 extit-isse.
973 2570 1154 2628 Suum
1185 2569 1445 2639 prim-fun
1471 2567 1715 2627 militem
1745 2567 1947 2636 fuisse,
1978 2588 2041 2628 se
2085 2588 2203 2628 sae-

190 2651 270 2728 pc·
300 2648 542 2706 vidente
567 2655 860 2726 pua-nisse
887 2649 954 2708 in‘
991 2649 1285 2708 hosteim„
1370 2651 1469 2729 Sp.
1516 2647 1745 2716 Furius,
1796 2660 1829 2684 “
1852 2651 2097 2726 missum
2127 2651 2201 2709 ab

191 2728 476 2801 Quinctio
532 2728 870 2808 Capitolino
912 2729 1022 2789 sibi
1064 2750 1198 2790 eum
1242 2730 1303 2789 in
1346 2729 1541 2789 dubiis
1583 2729 1705 2788 suis
1747 2732 1921 2789 reb-us
1966 2731 2203 2790 venisse

192 2808 496 2878 subsidi03
577 2809 875 2868 neminem
917 2828 1100 2868 unum
1166 2831 1317 2878 esse,
1361 2814 1529 2890 cujus
1584 2809 1769 2889 magis
1812 2817 1991 2890 opera}
2036 2815 2207 2890 putet

193 2908 320 2948 rem
355 2889 754 2948 restitutam-’²
841 2888 912 2948 L.
942 2889 1283 2958 LucretiuS,
1308 2892 1518 2954 ‚consul
1547 2891 1688 2948 anni
1720 2889 1945 2969 prioris,
1975 2888 2204 2950 recenti

30 2999 32 3004 ·
195 2969 390 3050 gloria
433 2968 652 3037 niteuS,
707 2989 841 3028 suas
869 2971 1078 3028 laudes
1107 2969 1463 3061 participare
1492 2988 1627 3028 cum
1663 2970 1939 3040 Krsone,
1980 2991 2204 3030 memo-

193 3069 330 3108 rare
356 3067 606 3130 pugnae,
658 3049 878 3109 referre
919 3050 1156 3131 egregia
1193 3049 1480 3117 facinora,
1508 3069 1668 3109 nunc
1718 3049 1780 3108 in
1809 3049 2203 3131 expeditioni-

194 3131 326 3198 bue,
354 3150 516 3188 nunc
543 3129 608 3188 in
637 3130 800 3199 acie3
844 3135 1098 3190 suadere
1127 3141 1190 3190 et
1242 3149 1493 3197 monere,
1522 3133 1850 3210 “juvenem
1880 3129 2203 3219 egregium,

195 3209 576 3270 instructum
609 3221 837 3287 naturae
893 3210 1272 3288 fortunaeque
1312 3212 1584 3269 omnibus
1624 3210 1813 3278 bonis,
1884 3223 2252 3267 maximum·

197 3298 570 3351 momentum
599 3308 798 3349 rerum
841 3293 968 3370 ejus
991 3284 1299 3358 “civitattiffi
1350 3291 1413 3350 in
1457 3309 1879 3369 quamcunque
1920 3287 2221 3356 venisset,-

199 3391 395 3442 suum,
451 3372 635 3450 quim
677 3371 955 3440 alienum,
984 3371 1235 3430 mallent
1264 3370 1452 3430 civem
1510 3391 1657 3430 esse.
1741 3367 1912 3442 Quod
1943 3366 2209 3428 offendat

195 3450 270 3510 in,
289 3471 379 3520 en,
407 3449 702 3510 fervorem
733 3456 794 3510 et
820 3451 1131 3510 audaciam
1163 3457 1404 3510 aetatem
1432 3450 1699 3529 quotidie
1726 3447 1961 3507 auferre
1986 3465 2003 3515 3
2031 3449 2209 3528 -quod

196 3527 576 3591 desideretur
606 3530 936 3598 consilium,
981 3530 1040 3589 id
1072 3529 1134 3588 in
1179 3530 1311 3590 dies
1352 3549 1639 3590 crescere.
1746 3527 2221 3586 senescentibus<

195 3611 376 3680 vitiis,
402 3617 850 3670 maturescente
879 3611 1119 3678 virtute,
1161 3611 1431 3673 sinerent
1483 3613 1716 3667 tantum
1756 3604 1950 3664 virum
2006 3623 2218 3666 senem=

197 3691 264 3750 in
293 3692 542 3752 civitate
570 3690 764 3750 fieriss’
847 3689 1028 3749 Pater
1054 3691 1213 3748 inter
1236 3691 1343 3748 hos
1371 3691 1445 3747 L.
1474 3683 1811 3757 Quinctius,
1839 3685 1935 3742 cui
1964 3683 2216 3742 Cincin-

198 3780 346 3833 nato
373 3789 712 3852 cognomen
738 3776 884 3840 erat,
911 3789 1032 3832 non
1057 3769 1375 3829 interando
1400 3763 1633 3832 laudes,
1660 3783 1740 3824 ne
1760 3763 2097 3823 cumularet
2120 3761 2211 3816 in-

753 4035 769 4058 ο
1830 4031 1854 4062 ‘t
