2400 4109
1029 151 1289 224 menn
1314 151 1433 215 111.
2070 113 2077 120 ’
2127 156 2241 226 143

241 327 308 371 se
339 326 515 391 aequo
543 310 869 374 certamine
898 312 1355 383 committentes,
1409 315 1625 373 natura
1652 311 1771 374 loci
1798 332 1871 374 ac
1896 313 2075 385 vallo,
2119 329 2242 378 non
2334 349 2339 356 -

236 392 461 454 virtute
506 399 611 452 aut
635 393 834 463 ariniS,
888 396 1255 454 tutabantur.
1338 394 1543 474 Majus
1571 392 1861 474 flagitium
1907 393 1972 453 in
2000 395 2255 476 Algido,

236 475 431 553 major
471 473 653 533 etiam
681 473 886 532 clades
928 480 1211 554 accepta:
1254 481 1449 535 castra
1493 485 1730 610 quoque
1770 473 1987 535 amissa
2027 481 2244 546 erantg

238 563 578 632 exutusque
631 554 902 615 omnibus
956 552 1309 614 utensilibus
1348 553 1540 623 miles,
1606 555 1623 572 '
1648 552 1942 612 'usculum
1983 574 2065 624 se,
2118 555 2243 616 fide

238 631 765 712 misericordiaque
793 633 1064 693 victurus
1089 632 1404 713 hospitum,
1448 633 1608 713 (quae
1636 639 1838 694 tamen
1867 653 1984 693 non
2010 634 2243 696 fefelle-

234 713 403 793 runt)
427 714 782 773 contulerat.
866 713 1114 773 Romam
1143 713 1297 772 tanti
1325 720 1496 773 erant
1520 720 1779 774 terrores
1806 713 1995 782 allati,
2020 722 2107 783 ut,
2176 736 2241 775 o-

238 790 355 852 sito
372 794 499 873 jam
527 792 912 854 decemvirali
944 792 1105 862 odio,
1152 794 1365 853 Patres
1406 792 1639 873 vigilias
1664 793 1729 852 in
1757 795 1900 857 urbe
1938 794 2132 854 haben
2164 857 2173 866 ,
2212 813 2241 856 s

239 879 559 933 censerent
583 894 598 931 :
641 893 862 942 omnes,
889 873 992 951 qui
1021 893 1129 954 per
1160 879 1405 933 aetatom
1432 893 1595 932 arma
1615 872 1769 933 ferre
1796 881 2061 953 possent,
2103 892 2243 934 cus-

234 951 434 1012 todire
461 953 703 1022 moenia,
750 972 820 1012 ac
846 972 954 1032 pro
983 952 1167 1032 portis
1197 953 1505 1033 stationes‘
1524 973 1697 1032 agere
1714 955 2033 1032 juberent:
2078 973 2242 1015 arma

236 1031 578 1092 Tusculum
625 1033 702 1092 ad
745 1033 1225 1112 supplementum
1269 1033 1681 1101 decernerent,
1730 1032 2239 1113 decemvirosque,

167 1171 175 1181 ,
231 1114 309 1172 ab
337 1132 475 1172 arce
498 1111 753 1172 Tusculi
780 1112 1108 1192 degressos),
1130 1112 1195 1173 in
1223 1106 1438 1173 castris
1468 1111 1716 1172 militem
1745 1112 1994 1172 habere:
2038 1121 2238 1176 castra

235 1191 360 1252 alia
388 1195 421 1251 εἰ
453 1192 696 1252 Fidenis
736 1191 799 1250 in
829 1191 1112 1254 Sabinum
1153 1211 1361 1273 agrum
1392 1190 1735 1252 transferri:
1773 1193 2051 1272 belloque
2076 1193 2238 1254 ultro

231 1270 548 1333 inferendo
575 1270 866 1346 'deterreri
892 1272 1088 1333 hostes
1119 1273 1152 1332 a
1180 1272 1429 1332 consilio
1456 1271 1619 1332 urbis
1641 1292 1675 1330 o
1719 1271 2077 1353 pugnandae.

317 1353 550 1412 XLIII.
595 1353 695 1412 Ad
725 1351 929 1412 clades
957 1356 1030 1413 ab
1058 1353 1321 1415 hostibus
1348 1293 1776 1432 acceptasd’uo
1803 1351 2061 1416 nefanda
2085 1352 2237 1418 faci-

223 1451 378 1492 -nora
404 1432 726 1513 decemviri
752 1432 894 1513 bell-i
922 1433 1201 1524 domique
1230 1433 1543 1514 adjiciunt.-
1604 1429 1699 1498 [L.
1729 1432 1993 1492 Siccium
2030 1431 2093 1490 in
2124 1432 2235 1493 Sa-

227 1511 407 1582 binis,
428 1533 535 1592 per
554 1511 838 1580 invidiam
861 1512 1321 1573 decemViralem
1340 1514 1708 1588 tribunorum
1728 1513 2120 1594 creandorum
2140 1532 2235 1572 se-

227 1591 638 1670 cessionisque
669 1585 998 1652 mentiones
1023 1592 1099 1652 ad
1123 1590 1337 1673 vulgus
1366 1592 1619 1652 militum
1645 1591 2011 1651 sermonibus
2032 1592 2236 1653 occule

226 1671 312 1732 tis
355 1679 674 1740 serentem,
728 1672 1207 1752 prospeculatum
1247 1672 1323 1731 ad
1366 1672 1564 1733 locum
1619 1670 1832 1730 castris
1876 1671 2235 1752 capiendum

226 1750 522 1820 mittunt3
565 1751 742 1810 datur
770 1751 1070 1832 negotium
1097 1751 1425 1822 militibus,
1470 1771 1621 1830 quos
1666 1751 1946 1812 miserant
1987 1751 2235 1832 expedi-

227 1830 415 1891 tionis
443 1833 573 1910 ejus
602 1829 868 1901 comiteS,
919 1839 989 1890 ut
1029 1851 1162 1891 eum
1193 1832 1523 1912 opportuno
1550 1831 1741 1892 adorti
1768 1831 1899 1891 loco
1927 1831 2228 1892 interfice·

229 1917 390 1970 rent.
475 1911 654 1970 Haud
695 1911 952 1970 inultum
979 1911 1377 1980 interfecere3
1420 1931 1556 1971 nam
1600 1911 1763 1972 circa
1800 1931 1946 1991 repu
2030 1915 2235 1973 antem

223 1991 461 2068 aliquot
484 1990 858 2051 insidiatores
885 1989 1176 2059 cecidere,
1230 2012 1412 2070 quum
1440 1991 1567 2073 ipse
1595 2012 1660 2051 se
1690 1991 1931 2072 praevali
1980 2011 2065 2061 us,
2102 1991 2235 2073 pari

228 2070 455 2132 viribus
491 2071 704 2139 animo,
732 2070 1172 2130 circumventus
1191 2077 1506 2130 tutaretur.
1586 2072 1903 2141 Nunciant
1944 2071 2007 2130 in
2035 2079 2235 2133 castra

230 2152 438 2219 ceteri,
482 2151 919 2231 praecipitatum
965 2150 1028 2208 in
1054 2149 1306 2209 insidias
1332 2170 1464 2210 esse
1504 2151 1766 2210 Siccium
1807 2150 2041 2232 egregie
2122 2171 2230 2231 ug·
2252 2147 2279 2184 '²

229 2238 496 2301 nantem,
547 2227 884 2311 militesque
901 2226 1202 2309 ‘quosdam
1244 2249 1381 2288 cum
1408 2249 1477 2290 eo
1505 2231 1769 2292 amissos.
1849 2230 2051 2291 Primo
2079 2171 2233 2291 fides

227 2311 656 2375 nunciantibus
696 2310 830 2371 fuit.
912 2309 1188 2370 Profecta
1226 2309 1444 2370 deinde
1494 2310 1703 2370 cohors
1727 2310 1801 2370 ad
1834 2309 2231 2391 sepeliendos,

228 2393 334 2472 qui
377 2391 740 2460 ceciderant,
783 2389 1255 2451 decemvirorum
1294 2389 1606 2470 permissu,
1654 2394 1968 2471 postquam
1995 2390 2237 2463 nullum·

224 2472 552 2552 spoliatum
576 2472 659 2531 ibi
686 2491 920 2550 corpus,
965 2469 1347 2550 Sicciumque
1388 2470 1451 2528 in
1480 2471 1673 2531 medio
1704 2473 2009 2552 jacentem
2036 2492 2233 2533 arma-

221 2551 497 2631 tumque,
525 2553 796 2610 omnibus
822 2550 883 2610 in
913 2569 1050 2610 eum
1081 2551 1267 2611 versis
1294 2550 1657 2632 corporibus,
1682 2550 1885 2612 videre
1915 2572 1932 2622 ;
1972 2551 2231 2613 hostium

226 2652 429 2712 neque
457 2652 558 2692 cor
599 2651 670 2696 us
711 2631 920 2700 ullum,
969 2651 1080 2691 nec
1129 2630 1385 2714 vestigia
1424 2629 1804 2701 abeuntium3
1845 2630 2113 2713 profecto
2155 2636 2230 2694 ab

225 2713 354 2773 suis
381 2654 760 2773 interfgctum
805 2718 1217 2782 memoranteS‚
1255 2711 1515 2772 retulere
1544 2731 1777 2793 corpus·
1858 2711 2229 2792 Invidiaeque

223 2794 406 2874 plena
428 2787 631 2854 castra‘
651 2799 841 2861 erant,
882 2798 945 2851 et
976 2794 1224 2852 Romam
1265 2791 1409 2870 ferri
1436 2791 1707 2873 protinus
1737 2791 1998 2852 Siccium
2024 2794 2233 2874 place·
2315 2801 2319 2806 '

116 2921 125 2928 ,
223 2876 347 2943 bat,
398 2872 459 2932 ni
500 2871 1046 2936 decemviri-sunus
1075 2873 1331 2932 militare
1372 2871 1428 2932 ei
1469 2871 1709 2953 publica
1735 2871 2005 2952 impetis&⁴
2032 2872 2231 2934 facere

224 2959 652 3034 maturassent.
734 2953 1020 3032 Sepultus
1067 2949 1297 3034 ingenti
1323 2952 1579 3012 militum
1619 2952 1929 3024 moestitia,
1970 2953 2233 3034 pessima

230 3032 706 3094 decemvirorum
731 3031 794 3091 in
821 3031 937 3093 vul'
966 3052 1036 3092 us
1063 3032 1243 3101 fama,
1270 3033 1381 3092 es't.
1804 3044 1844 3080 Δ
2168 3092 2172 3096 ,

307 3112 534 3173 XLIV.
577 3113 863 3191 Sequitur
903 3133 940 3172 a
965 3112 1064 3172 iud
1097 3107 1333 3174 i'n'urbe
1362 3110 1547 3181 nefas,
1602 3114 1675 3173 ab
1714 3111 1966 3176 libidine
2012 3117 2231 3183 ortum,

130 3194 137 3199 ’
227 3193 390 3255 haud
436 3193 636 3253 minus
663 3193 824 3255 foedo
853 3198 1092 3261 eventu,
1146 3194 1327 3272 quim
1347 3192 1507 3273 quod
1536 3212 1642 3273 per
1668 3199 1763 3253 stu
1812 3213 1942 3253 rum
1970 3192 2237 3255 caedem-

225 3271 346 3352 que
377 3273 681 3334 Lucretiae
725 3276 868 3333 urbe
905 3293 1209 3354 regnoque
1236 3272 1598 3352 Tarquinios
1624 3292 1781 3353 expu
1810 3280 1975 3332 erat:
2016 3277 2085 3330 ut
2111 3291 2234 3333 non

231 3353 370 3414 finis
400 3355 598 3414 solum
623 3351 784 3414 idem
814 3353 1186 3421 decemviris,
1234 3352 1340 3433 qui
1381 3351 1635 3432 regibus,
1674 3351 1785 3412 sed
1827 3369 2009 3411 causa
2048 3351 2267 3420 etiam,

225 3435 434 3495 eadem
463 3433 695 3514 imperii
721 3432 1038 3495 amittendi
1066 3442 1246 3495 esset.
1280 3507 1283 3510 ᾗ
1330 3435 1447 3512 Ap.
1468 3431 1788 3492 Claudium
1828 3423 1920 3489 vir
1962 3429 2077 3490 inis
2100 3431 2231 3513 ple-

230 3515 375 3575 beiae
407 3513 779 3594 struprandae
805 3513 990 3573 libido
1031 3513 1208 3594 cepit.
1289 3513 1469 3574 Pater
1514 3511 1761 3592 virginis
1810 3509 1883 3586 L.
1920 3451 2236 3591 {Virginius

229 3593 546 3657 honestum
576 3589 845 3653 &rdinem
869 3593 932 3652 in
963 3593 1182 3674 Algido
1211 3592 1485 3662 ducebat,
1529 3589 1919 3680 virxexempli
1944 3589 2099 3654 recti
2125 3590 2237 3678 ‘¹⁰ss

226 3676 313 3736 mi
339 3675 714 3752 militiaeque.
799 3671 1053 3732 Perinde
1094 3691 1244 3732 uxor
1269 3667 1546 3745 instituta
1570 3669 1782 3733 fuerat,
1824 3667 2113 3747 liberique
2139 3669 2244 3734 inf

219 3757 650 3818 stituebantur.
732 3752 1150 3893 Despomllqerat
1188 3748 1372 3814 filiam
1405 3750 1478 3809 1..
1505 3744 1677 3811 Icilio
1717 3745 2060 3815 tribunicio,
2108 3741 2238 3802 viro
