2400 4109
147 139 278 240 ⁴mo
713 125 720 136 '
1000 141 1080 206 T.
1105 143 1323 206 Lrvn

155 305 302 376 acri,
347 309 412 366 et
449 309 558 384 pro
597 321 779 366 causa
805 303 994 386 plebis
1019 311 1285 386 expertae
1314 304 1574 369 virtutis.
1654 302 1831 366 Ham.
1858 303 2165 388 ’virginem

66 425 90 437 r«
156 387 443 454 adultam,
485 385 674 444 forma
703 386 1118 454 excellentem,
1162 385 1415 466 AppiuS,
1456 396 1653 448 amore
1680 387 1916 456 ardenS,
1968 387 2169 467 pretio

157 469 230 528 a'c
258 481 372 546 spe·
391 465 672 545 pellicere
713 466 976 533 adortus,
999 473 1311 545 postquam
1340 463 1537 526 omnia
1564 468 1789 548 pudore
1832 475 2001 548 septa
2029 467 2171 527 ani-

155 548 581 614 madverterat,
627 546 703 604 ad
747 545 1048 605 crudelem
1093 548 1529 626 superbamque
1572 547 1689 606 vim
1720 547 1984 617 animum
2012 567 2169 608 con·

157 626 360 686 vertit.
441 624 533 685 M.
574 625 830 685 Claudio
871 625 1075 685 clienti
1103 627 1405 707 negotium
1433 627 1621 697 dedit,
1668 636 1737 688 ut
1763 627 2053 708 virginem
2094 627 2171 688 in

157 707 510 768 servitutem
550 717 858 774 assereret,
911 726 1108 785 neque
1164 707 1406 767 cederet
1446 708 1773 774 secundum
1822 709 2169 768 libertatem

84 837 97 845 .
155 787 596 880 postulantibus
643 785 976 846 vindicias:
1015 786 1177 866 qudd
1207 795 1376 867 pater
1416 787 1636 879 puellae
1671 789 1926 857 abesset,
1958 788 2171 848 locum

156 870 242 947 ιη]
255 865 394 926 uriae
427 885 555 926 esse
581 871 763 925 ratuS.
847 865 1096 947 Virgini,
1123 867 1392 927 venienti
1418 887 1483 926 1n
1510 867 1721 938 forum,
1766 867 1869 948 (ibi
1899 869 2171 946 naque

157 943 221 1008 in
249 947 511 1028 tabernis
561 945 863 1006 literarum
890 946 1019 1006 ludi
1060 947 1255 1030 erant)
1298 945 1571 1009 minister
1610 947 1931 1008 decemviri
1963 946 2169 1008 libidi-

156 1027 254 1088 nis
276 1045 514 1104 manum
543 1024 752 1106 injecit
775 1047 794 1096 ;
835 1032 1008 1086 serva
1051 1034 1160 1087 sua
1187 1034 1387 1088 natam
1406 1027 1797 1109 (servamque
1824 1029 2165 1111 appellans)

157 1125 292 1167 esse
317 1125 334 1176 ς
402 1105 692 1186 sequique
733 1127 796 1166 se
828 1107 1095 1187 jubebat,
1166 1114 1550 1168 cunctantem
1604 1108 1665 1167 vi
1706 1111 2168 1168 abstracturum.

157 1187 384 1248 Pavida
417 1186 622 1268 puella
649 1193 744 1246 stu
790 1194 947 1257 ente,
988 1188 1064 1248 ad
1093 1188 1413 1248 'clamorem
1456 1187 1723 1258 nutriciS,
1752 1189 1931 1248 fidem
1962 1187 2171 1262 Quiri-

146 1267 310 1328 ·tium
332 1265 723 1344 implorantis,
789 1277 816 1326 t
837 1287 1183 1327 concursus.
1222 1267 1477 1350 Virginii
1498 1269 1686 1349 patris
1700 1268 2019 1349 sponsique
2042 1267 2170 1330 lei.

155 1347 228 1409 lii
257 1347 551 1428 -pop'ulare
579 1367 793 1406 nomen
821 1347 1198 1418 celebratur3
1239 1357 1411 1408 notos
1439 1347 1630 1428 gratia
1652 1367 1882 1419 eorum,
1927 1352 2169 1410 turbam

155 1427 485 1509 indignitas
526 1425 612 1486 rei
639 1426 851 1508 virgini
879 1427 1216 1488 conciliat..
1260 1427 1395 1488 Jam
1441 1431 1476 1488 a
1502 1428 1565 1502 vi
1591 1435 1722 1494 tuta
1765 1435 1933 1499 erat3
1974 1449 2165 1507 quum

159 1519 420 1576 assertor
457 1506 614 1568 nihil
641 1529 789 1588 opus
829 1527 960 1568 esse
1003 1507 1387 1572 multitudine
1430 1508 1728 1586 concitata
1771 1509 1873 1578 ait,
1926 1529 1993 1569 se
2022 1511 2169 1589 jure

159 1588 434 1672 grassari,
460 1607 582 1648 non
609 1588 688 1647 vi.
731 1624 743 1630 --
768 1588 961 1648 Vocat
987 1589 1248 1668 puellam
1270 1589 1333 1648 in
1350 1591 1495 1670 jus3
1536 1589 1895 1658 auctoribuS,
1911 1589 2029 1668 qui
2054 1590 2169 1649 ad·-

159 1676 349 1737 erant,
391 1675 462 1728 ut
497 1677 866 1747 sequeretur.
965 1669 1066 1727 Ad
1089 1669 1366 1730 tribunal.
1400 1669 1585 1750 Appii
1634 1676 1989 1762 perventum
2030 1675 2124 1730 est
2140 1689 2169 1741 -3

158 1761 362 1810 notam
401 1748 598 1828 judici
623 1748 886 1808 fabulam
917 1749 1155 1829 petitor,
1201 1749 1424 1842 quippe
1451 1749 1609 1830 apud
1639 1770 1833 1830 ipsum
1862 1757 2173 1810 auctorem

160 1827 513 1910 argumenti,
555 1828 784 1908 peragit
801 1849 820 1898 3
861 1829 1142 1908 puellam,
1171 1829 1332 1888 domi
1360 1849 1485 1902 suae
1516 1837 1737 1898 natam,
1764 1830 2042 1910 furtoque
2072 1831 2172 1889 in-

161 1910 239 1970 de
267 1908 330 1967 in
357 1909 599 1968 domum
629 1907 880 1987 virginii
909 1908 1278 1977 translatam,
1306 1909 1672 1988 suppositam
1696 1909 1750 1970 ei
1772 1930 1921 1970 esse.
2006 1909 2077 1968 Id
2102 1930 2173 1971 se

160 1989 384 2050 indicio
411 1993 782 2067 compertum
803 1987 1034 2057 afferre,
1075 1990 1575 2067 probatu-rumque
1602 1990 1699 2048 vel
1740 1989 1869 2070 ipso
1897 1989 2177 2070 Virginio

149 2067 382 2152 judice,
409 2068 486 2128 ad
513 2087 692 2146 quem
719 2069 908 2148 major
935 2087 1069 2146 pars
1095 2067 1333 2148 injuriae
1362 2069 1493 2148 ejus
1519 2069 1835 2150 pertineat.
1889 2069 2175 2135 ,Interim

57 2224 61 2230 ,
161 2152 462 2212 dominum
511 2147 688 2240 sequi
727 2147 1028 2219 ancillam,
1079 2168 1319 2228 aequum
1348 2169 1499 2208 esse.
1582 2149 1881 2210 Advocati
1926 2149 2175 2230 puellae,

163 2251 346 2312 quum
391 2228 728 2310 Virginium
767 2228 1118 2309 reipubl'icae
1145 2235 1329 2289 causa
1378 2227 1687 2290 dixissent>
1711 2233 1936 2300 abesse,
1986 2230 2177 2293 biduo'

164 2311 530 2380 adfuturum,
557 2309 608 2368 si
635 2308 985 2368 nunciatum
1013 2309 1072 2368 ei
1097 2309 1177 2369 s’it
1203 2329 1224 2380 3
1265 2309 1534 2390 iniquum
1564 2331 1713 2380 esse,
1742 2309 2061 2371 ‘absentem
2091 2311 2175 2372 de

161 2391 366 2454 liberis
389 2386 715 2458 dimicare3
797 2390 1086 2460 ostulant,
1131 2399 1202 2450 ut
1242 2411 1369 2450 rem
1394 2389 1687 2472 integram
1730 2391 1793 2450 in
1822 2390 2017 2472 patris
2060 2391 2177 2450 ad-

163 2473 412 2532 ventum
439 2468 677 2530 differat
695 2489 729 2548 5ἱ
779 2489 886 2554 ege
934 2471 1008 2529 ab
1045 2466 1176 2554 ipso
1216 2470 1343 2530 lata
1385 2469 1677 2532 vindicias
1706 2473 1811 2532 det
1838 2471 2171 2531 secundum

163 2551 499 2612 libertatem
526 2569 546 2621 3
603 2568 719 2609 neu
773 2548 1056 2630 patiatur,
1107 2548 1400 2631 virginem
1446 2551 1715 2612 adul-tam
1761 2551 1937 2613 famae
1978 2549 2172 2632 pride,

166 2631 350 2714 quzlm
376 2627 686 2698 libertatis,
712 2629 1044 2710 periculum
1071 2629 1257 2690 adire.

247 2709 440 2771 XLV.
482 2711 542 2769 A·
583 2708 718 2789 pius
745 2709 989 2769 decreto
1028 2709 1339 2792 praefatus,
1381 2721 1419 2747 “
1440 2712 1619 2790 quam
1649 2711 1909 2782 libertati
1934 2710 2173 2784 faverit,

168 2809 300 2854 eam
326 2790 519 2872 ipsam
573 2809 741 2870 egem
769 2789 1097 2859 declarare,
1119 2808 1301 2869 quam
1328 2790 1585 2873 virginii
1612 2793 1789 2857 amici
1816 2793 2171 2873 postulatio-

167 2873 235 2939 ni
255 2893 378 2933 sum
395 2871 798 2966 praetendant.
879 2869 1165 2932 Ceterdm
1191 2871 1281 2931 ita
1304 2871 1369 2930 in
1396 2891 1468 2954 ea
1494 2873 1730 2933 firmum
1757 2873 2019 2933 libertati
2044 2872 2175 2934 fore

169 2951 613 3038 praesidium‚„si
639 2971 752 3012 nec
781 2950 996 3021 causis,
1033 2971 1148 3012 nec
1175 2953 1447 3034 personis
1469 2953 1677 3014 variet.
1758 2954 1841 3013 In
1858 2954 1969 3027 his,
1992 2953 2177 3024 enim,

173 3053 312 3117 quoe
353 3029 698 3110 asseraflsstur
721 3032 784 3092 in
813 3031 1170 3102 libertatem,
1211 3029 1355 3112 qui'a
1382 3033 1579 3113 quivis
1606 3035 1737 3116 lege
1764 3053 1939 3116 agere
1964 3034 2177 3114 possit,

172 3115 238 3179 id
269 3114 428 3196 juris
455 3133 620 3174 esse:
663 3112 728 3172 in
753 3133 843 3182 ea,
871 3133 1010 3192 quae
1039 3112 1104 3172 in
1131 3113 1321 3194 patris
1360 3113 1667 3185 mamm-sit,
1714 3115 2011 3174 neminem
2040 3133 2175 3175 esse

175 3195 381 3267 alium,
423 3193 522 3255 cui
559 3192 836 3254 dominus
863 3193 1237 3274 possessione
1266 3193 1459 3254 cedat.
1542 3195 1791 3255 Placere
1838 3194 2043 3274 itaque
2055 3215 2179 3276 pa·-

173 3279 340 3336 trem
357 3271 580 3336 arcessi
604 3294 622 3344 3
661 3273 892 3334 interea
919 3273 1073 3354 juris
1103 3273 1194 3334 sui
1214 3276 1515 3353 jacturam
1538 3281 1891 3336 assertorem
1921 3295 2041 3334 non
2086 3274 2178 3335 fa·

177 3373 333 3424 cere,
382 3355 529 3434 quin
569 3354 754 3414 ducat
793 3354 1053 3435 puellam
1095 3354 1545 3434 sistendamque
1583 3355 1647 3416 in
1676 3355 1997 3416 adventum
2026 3358 2181 3436 ejus,

177 3433 283 3510 qui
323 3441 498 3514 pater⁴>
525 3435 786 3504 dicatur,
841 3434 1209 3515 promittat.”
1292 3437 1601 3496 Adversus
1641 3435 1916 3518 injuriam
1946 3435 2180 3498 decreti

171 3527 366 3585 ¹quum
391 3515 568 3576 multi
593 3517 780 3598 magis
805 3515 1145 3586 fremerent,
1172 3517 1354 3594 quam
1381 3517 1695 3598 quisquam
1720 3535 1871 3576 unus
1898 3529 2179 3578 recusare

179 3587 470 3677 &udpssjetz
510 3597 580 3654 P.
605 3596 1003 3666 Numitorium
1025 3595 1250 3676 puelloe
1278 3599 1612 3658 avunculus
1638 3603 1701 3657 et
1725 3613 1979 3676 sponsus
2009 3595 2181 3668 Icigli-

180 3676 254 3718 us
293 3671 740 3758 Interveniunm
779 3677 1042 3757 dataque
1068 3677 1229 3737 inter
1266 3681 1503 3739 turbam
1530 3677 1650 3747 via,
1669 3695 1870 3755 ³quum
1900 3673 2178 3736 multitu-

99 3801 110 3814 Ι
171 3737 272 3800 *do
301 3740 459 3802 Ieilu
494 3753 755 3818 maxime
796 3756 1139 3822 interventu
1179 3757 1380 3822 resisti
1420 3777 1595 3842 posse
1642 3755 1839 3836 Appio
1880 3754 2180 3825 crederet,
