2400 4109
139 105 282 194 ’τοι
1003 125 1082 191 Τ.
1106 121 1327 191 mvn

141 289 204 354 ri
229 288 545 360 hominem,
570 293 634 351 et
655 289 860 371 virgas
891 289 1157 370 expediri
1187 291 1424 369 jubent.
1502 291 1541 326 ‘²
1556 281 1892 359 Provoco?
1928 285 2163 370 inquit3,

151 385 193 412 ¹“
211 373 289 432 ad
315 372 663 451 populum,”
704 370 942 439 Volero,
980 381 1018 406 “
1081 369 1319 429 uoniam
1344 367 1568 428 tribuni
1594 369 1788 429 civem
1814 369 2165 432 Romanum

151 453 220 512 in
253 457 574 530 conspectu
601 469 709 510 suo
735 449 916 531 virgis
943 470 1032 510 cae
1079 448 1101 507 i
1125 451 1379 517 malunt,
1403 469 1481 527 qu
1501 449 1585 506 {m
1626 448 1741 528 ipsi
1766 447 1830 507 in
1856 449 2017 510 lecto
2044 469 2165 514 suo

154 532 192 592 ἃ
238 530 402 590 vobis
449 529 735 590 trucidari
755 530 820 600 ;”
872 529 991 606 qu&
1037 524 1301 588 ferocius
1346 527 1707 596 clamitabat,
1748 526 1820 587 ed
1868 529 2163 592 infestids

153 601 654 672 circumscindere
695 615 759 667 et
784 603 1037 688 spoliare
1081 605 1278 669 lictor.
1356 604 1517 666 Tum
1542 605 1783 676 Volero,
1809 615 1871 667 et
1912 629 2159 690 praeva-

149 691 286 750 lens
328 690 473 770 ipse,
500 697 561 748 et
587 683 1003 768 adjuvantibus
1029 686 1357 756 advocatis,
1394 687 1630 766 repulso
1670 687 1899 758 lictore,
1924 689 2027 748 ubi
2055 689 2159 748 in-

149 769 524 850 dignantium
551 787 656 848 pro
683 787 747 827 se
775 767 1097 828 acerrimus
1143 774 1276 826 erat
1318 767 1561 836 clamor,
1607 767 1683 826 eo
1708 787 1773 827 se
1800 782 1868 846 in
1910 771 2156 834 tubam

151 848 652 910 confertissimam
675 845 908 928 recipit,
936 847 1271 914 clamitanS,
1316 858 1352 882 ‘⁸
1367 846 1649 915 Provoco,
1696 854 1759 906 et
1786 844 1969 906 fidem
1990 831 2154 934 'fi-

147 930 242 990 bis
269 928 556 1008 implut-03
611 928 818 988 adeste
844 927 1042 988 cives!
1091 927 1301 987 adeste
1328 921 1799 986 commilitones!
1859 927 2005 987 nihil
2034 934 2153 1000 est.

147 1030 228 1088 qu
237 1008 311 1068 &d
337 1003 697 1088 exspectetis
721 1005 1007 1076 tribunos,
1054 1007 1269 1086 quibus
1315 1001 1461 1087 ipsis
1508 1011 1708 1066 vestro
1744 1007 1969 1066 auxilio
1996 1028 2155 1087 opus

148 1089 306 1148 est.”
388 1087 692 1147 Concitati
717 1086 1002 1155 homines,
1040 1085 1229 1146 veluti
1250 1086 1326 1145 ad
1354 1085 1653 1166 proelium,
1691 1105 1757 1144 se
1778 1086 2111 1166 expediunt
2130 1109 2155 1148 z

143 1169 606 1248 apparebatque,
633 1187 806 1226 omne
833 1164 1152 1225 discrimen
1177 1165 1390 1225 adesse
1412 1186 1431 1235 3
1490 1164 1637 1224 nihil
1664 1165 1940 1245 cuiquam
1968 1167 2149 1228 sanc-

145 1253 295 1316 tum,
322 1267 442 1306 non
467 1246 689 1327 publici
715 1247 860 1314 sore,
886 1264 1006 1304 non
1035 1244 1253 1324 privati
1289 1245 1463 1324 juris.
1547 1243 1708 1304 Huic
1757 1252 1944 1306 tantoe
1987 1254 2150 1306 tem—

144 1325 365 1408 pestati
411 1347 598 1406 quum
641 1345 706 1384 se
754 1325 1028 1384 consules
1076 1323 1452 1392 obtulissent,
1488 1323 1669 1382 facile
1703 1326 1935 1404 experti
1982 1333 2149 1398 sunt,

145 1409 150 1414 ’
187 1427 354 1466 arum
380 1413 568 1466 tutam
597 1406 976 1484 majestatem
1007 1402 1140 1462 sine
1164 1400 1389 1462 viribus
1416 1421 1589 1474 esse3
1642 1401 1883 1480 riolatis
1912 1404 2145 1465 lictori·

141 1427 275 1557 gns,
317 1485 578 1547 fascibus
604 1484 829 1552 fractis,
857 1484 890 1541 ὲ
917 1483 1049 1541 soro
1069 1477 1134 1540 in
1161 1482 1388 1542 curiam
1415 1483 1855 1563 compelluntur
1877 1505 1896 1554 3
1940 1483 2144 1546 incer-

138 1566 212 1635 ti,
263 1574 560 1645 quatenus
617 1563 836 1625 Volero
879 1568 1188 1622 exerceret
1229 1561 1559 1627 victoriam.
1673 1563 2148 1626 conticescente

143 1646 365 1706 deinde
391 1645 675 1714 tumultu,
698 1662 882 1723 quum
927 1642 992 1701 in
1041 1649 1313 1702 senatum
1360 1640 1559 1702 vocari
1598 1640 1941 1722 jussissent,
1986 1663 2143 1722 que·
2216 1645 2224 1648 ’

137 1731 357 1786 runtur
373 1723 624 1816 injurias
651 1743 812 1792 suas,
832 1722 952 1780 vim
980 1721 1186 1802 plebis,
1216 1721 1529 1790 Voleronis
1555 1719 1885 1782 audaciam.
1966 1723 2145 1784 Mul-

143 1804 226 1863 tis
263 1803 543 1863 feroclter
581 1803 762 1861 dictis
810 1800 1142 1870 sententiis,
1187 1798 1388 1861 vicere
1436 1802 1717 1872 seniores,
1764 1802 1999 1880 quibus,
2046 1803 2145 1866 ira

77 1923 82 1928 -
139 1883 388 1944 Patrum
414 1882 702 1941 adversus
721 1881 1116 1940 temeritatem
1184 1879 1337 1938 lehis·
1357 1881 1593 1949 certari,
1620 1900 1741 1940 non
1768 1882 2015 1973 placuit.
2072 1923 2079 1930 ·

221 1958 390 2022 Lvl.
430 1957 783 2020 Voleronem
811 1960 1082 2040 amplexa
1153 1975 1331 2019 avore
1355 1960 1525 2040 plebs
1550 1961 1832 2040 proximis
1881 1959 2141 2024 comitiis

138 2041 441 2102 tribunum
471 2039 628 2121 plebi
656 2046 821 2100 creat
863 2039 925 2099 in
954 2058 1091 2098 eum
1135 2057 1376 2108 annum,
1422 2039 1529 2118 qui
1575 2040 1648 2099 L.
1691 2039 2017 2111 Pinarium,
2066 2045 2139 2104 P.

139 2121 388 2182 Furium
441 2121 716 2191 consules
767 2118 1012 2190 habuit3
1079 2125 1407 2198 contraque
1461 2119 1723 2180 omnium
1776 2119 2137 2202 opinionem,

139 2203 246 2282 qui
293 2223 429 2262 eum
475 2200 762 2262 vexandis
789 2198 999 2280 prioris
1026 2199 1168 2263 anni
1209 2199 1546 2259 consulibus
1574 2199 1993 2279 permissurum
2024 2201 2135 2262 tri-

133 2283 424 2342 bunatum
464 2281 801 2349 credebant,
846 2286 982 2360 post
1029 2278 1325 2360 publicam
1363 2293 1603 2338 causam
1652 2277 1882 2361 privato
1928 2281 2137 2342 dolore

137 2362 356 2430 habito,
382 2381 460 2420 ne
486 2363 664 2420 verbo
691 2359 930 2438 quidem
960 2358 1196 2418 vio—latis
1238 2359 1603 2429 consulibus,
1624 2361 1983 2442 rogationem
2032 2369 2131 2420 tu-

135 2440 212 2501 lit
251 2441 328 2500 ad
357 2438 660 2520 populum,
687 2447 754 2498 ut
801 2433 1018 2520 plebeii
1047 2437 1429 2520 magistratus
1455 2439 1695 2500 tributis
1741 2438 1994 2502 comitiis
2022 2440 2131 2500 fie-

134 2526 290 2580 rent.
395 2513 576 2578 Haud
627 2533 812 2598 parva
859 2538 954 2577 res
997 2521 1107 2578 sub
1159 2518 1336 2578 titulo
1386 2515 1580 2600 prima
1633 2521 1833 2600 specie
1884 2517 2128 2579 minime

133 2597 322 2661 atroci
348 2596 688 2668 ferebatur}
755 2598 862 2658 sed
907 2593 1044 2676 quae
1087 2597 1353 2680 patriciis
1380 2619 1613 2660 omnem
1639 2606 2005 2681 potestatem⁸
2022 2619 2129 2677 per

133 2676 446 2738 clientium
472 2671 752 2764 suffiragia
777 2677 1040 2748 creandi,
1081 2697 1231 2756 quos
1258 2678 1505 2748 vellent,
1542 2679 1809 2741 tribunos
1846 2676 2131 2739 auferret.

133 2751 300 2817 Huic
325 2756 564 2826 actioni,
603 2755 955 2838 gratissimae
982 2757 1160 2838 plebi,
1187 2777 1371 2836 quum
1420 2766 1647 2819 summa
1678 2761 1739 2820 vi
1780 2759 2126 2820 resisterent

131 2837 342 2898 Patres
366 2857 385 2907 3
451 2855 583 2906 nec,
610 2849 743 2916 quae
773 2857 894 2897 una
917 2837 1012 2898 vis
1038 2838 1112 2898 ad
1155 2838 1555 2914 resistendum
1583 2847 1735 2910 erat,
1770 2846 1840 2899 ut
1864 2839 2121 2898 interce-

132 2917 323 2986 deret,
350 2915 566 3054 alissuis
592 2936 667 2977 ex
694 2917 944 2998 collegio
985 2917 1340 2979 auctoritate
1366 2927 1471 2980 aut
1498 2921 1806 2980 consulum
1833 2923 1935 2978 aut
1961 2919 2124 2999 prin-

130 2995 328 3076 cipum
365 2996 440 3057 ad
487 2995 586 3056 uci
610 3006 814 3078 posset
836 3017 854 3069 3
921 3017 1018 3058 res
1044 3004 1267 3068 tamen,
1294 3018 1401 3058 suo
1426 2999 1558 3080 ipsa
1585 2999 1882 3066 molimine
1908 2997 2123 3079 gravis,

127 3075 552 3138 certaminibus
576 3076 640 3136 in
669 3096 888 3138 annum
919 3078 1273 3138 extrahitur.
1350 3078 1527 3138 Plebs
1554 3077 1911 3139 Voleronem
1937 3077 2123 3138 tribu·
2154 3151 2158 3154 ³

124 3173 270 3214 num
308 3154 520 3216 reficit.
601 3156 831 3228 Patres,
857 3157 932 3218 ad
959 3157 1235 3218 ultimum
1262 3155 1660 3218 dimicationis
1687 3157 1801 3219 rati
1824 3179 1949 3218 rem
1976 3178 2123 3219 ven-

1320 3239 1343 3253 G·

123 3238 342 3305 turam,
369 3235 848 3328 Ap.·Claudium‚
873 3237 1056 3317 Appii
1083 3238 1292 3308 filium,
1312 3258 1438 3376 {am
1465 3238 1606 3298 inde
1638 3240 1666 3296 ἃ
1696 3238 1968 3318 paternis
1990 3257 2121 3300 cer-

123 3312 445 3374 taminibus
491 3315 750 3374 invisum
812 3315 1215 3396 infestumque
1278 3338 1315 3397 p
1342 3317 1455 3386 ebi,
1504 3319 1809 3378 consulem
1876 3318 2123 3379 faciunt.
2197 3372 2206 3381 .

124 3383 377 3470 Collega
403 3394 460 3452 ei
487 3395 565 3453 T.
591 3394 913 3470 Quinctius
937 3396 1136 3456 datur.
1214 3397 1515 3477 Principio
1563 3397 1765 3458 statim
1806 3398 1948 3468 anni
1973 3395 2121 3466 nihil
2162 3411 2167 3418 ·

125 3463 310 3553 Ρΐῑῦξ,
380 3472 514 3530 uim
545 3474 622 3534 de
648 3475 797 3555 lege,
840 3477 1165 3555 agebatur3
1226 3477 1333 3536 sed
1360 3484 1431 3536 ut
1454 3476 1734 3538 inventor
1758 3477 1907 3558 legis
1937 3476 2117 3534 Vole-

125 3554 213 3646 rQ.
233 3557 326 3624 ἐκ,
417 3551 682 3622 εεῒοτίυε,-
715 3555 944 3637 collega
990 3557 1140 3647 ejus,
1167 3564 1377 3618 auctor
1468 3579 1606 3619 uum
1654 3555 1962 3625 recentior.
1988 3560 2155 3626 tum.

126 3629 320 3674 amor
361 3629 505 3682 erat.
586 3631 874 3696 Ferocem
919 3634 1179 3698 faciebat
1222 3635 1369 3698 belli
1410 3659 1451 3722 g
1474 3638 1599 3702 oria
1636 3637 1890 3718 ingensss
1951 3635 2137 3716 qubd‘

2390 675 2397 892 4

2384 893 2397 1026 l

2389 1149 2397 1259 1
