2400 4109
1001 168 1262 270 LisER
1290 172 1409 232 III.
2084 163 2201 237 157

189 329 428 394 firmata
469 330 587 394 sit:
630 338 694 392 et
735 331 1058 413 appellatio
1099 330 1569 411 provocatioque
1615 329 1899 390 adversus
1925 330 2204 412 injuriam
2299 347 2311 353 ·

187 416 647 494 magistratuum
673 417 978 474 ostentata
1000 413 1237 472 tantum
1263 411 1543 472 inanibus
1563 410 1777 481 literiS,
1804 410 1880 472 an
1902 413 2041 473 vere
2058 413 2201 474 data

189 495 336 556 sit.”
797 527 802 530 ·
2175 503 2181 512 “

273 576 484 634 L'VII..
515 571 744 635 Contra
785 592 858 632 ea
897 571 1224 652 virginiae,
1269 591 1453 632 unum
1495 571 1614 652 Ap.
1644 570 1965 632 Claudium
2008 579 2071 633 et
2110 573 2200 635 le-

187 675 331 738 gum
379 662 684 735 expertem
745 659 808 713 et
868 652 1064 712 civilis
1109 659 1171 713 et
1198 652 1440 713 humani
1480 651 1726 712 foederis
1776 671 1927 722 esse,
1988 653 2199 715 aiebat.

188 749 224 774 ‘⁶
247 736 648 816 Respicerent
697 734 959 795 tribunal
1003 734 1287 802 homineS,
1342 731 1657 792 castellum
1700 733 1967 792 omnium
2008 735 2200 795 scele-

185 837 321 876 rum
345 838 360 874 t
402 815 504 876 ubi
533 815 838 876 decemvir
866 813 970 873 ille
997 820 1339 894 perpetuuS,
1366 810 1553 881 bonis,
1591 819 1777 894 tergo,
1802 818 1911 872 isan
1957 813 2081 874 uini
2114 815 2201 874 ci-

184 897 353 956 vium
382 895 658 965 infestus,
684 897 882 974 virgas
909 910 1272 972 securesque
1292 893 1565 952 omnibus
1592 893 1895 963 iniustam,
1916 833 2201 955 gDeorum

185 977 617 1054 hominumque
647 979 1060 1054 contemptor3
1104 972 1500 1041 carnificibus,
1545 991 1665 1033 non
1706 973 2036 1044 lictoribuS,
2092 977 2201 1036 sti-

179 1053 385 1138 patus,
432 1058 559 1136 jam
601 1058 674 1116 ab
701 1055 926 1134 rapinis
954 1060 1018 1112 et
1046 1053 1313 1113 caedibus
1342 1051 1539 1112 animo
1565 1052 1641 1112 ad
1670 1053 1975 1114 libidinem
2000 1075 2197 1128 versu,

182 1136 480 1218 virginem
508 1135 824 1216 ingenuam
847 1133 910 1194 in
938 1133 1127 1192 oculis
1155 1133 1359 1214 populi
1388 1133 1659 1202 Romani,
1688 1132 1855 1193 velut
1872 1135 2029 1195 bello
2056 1156 2199 1216 cap-

179 1223 332 1286 tam,
360 1219 434 1276 ab
463 1213 988 1297 complexu-patris
1017 1217 1341 1294 abreptam,
1369 1213 1641 1273 ministro
1668 1213 1925 1273 cubiculi
1954 1215 2046 1274 sui
2086 1216 2197 1276 cli-

181 1297 313 1358 enti
340 1297 498 1356 dono
525 1297 778 1356 dederit.
860 1294 980 1354 Ubi
1023 1294 1252 1354 crudeli
1294 1293 1535 1354 decreto
1578 1293 1972 1374 nefandisque
1998 1296 2196 1356 vindi-

181 1377 294 1437 ciis
323 1377 629 1438 dexteram
655 1375 842 1456 patris
868 1373 930 1434 in
957 1375 1144 1436 filiam
1171 1374 1495 1436 armaverit
1518 1393 1536 1433 t
1575 1374 1697 1443 ubi,
1737 1374 2020 1434 tollentes
2064 1397 2193 1436 cor-

180 1478 297 1539 pus
325 1457 670 1517 semianime
709 1455 1312 1537 virginisfsponsum
1353 1455 1837 1533 avunculumque
1886 1476 1949 1516 m
1992 1475 2197 1516 carce-

36 1549 39 1558 '
86 1558 90 1561 ’
177 1559 321 1610 rem*
354 1538 497 1597 duci
529 1535 822 1618 jusserit3
859 1542 1064 1616 stupro
1107 1534 1500 1616 interpellato·
1528 1534 1745 1615 magis,
1800 1539 1981 1614 quim
2025 1537 2195 1598 caede

177 1624 422 1687 motus;
465 1623 528 1678 et
564 1617 656 1676 illi
699 1635 1001 1674 carcerem
1031 1613 1399 1676 aedificatum
1424 1611 1593 1682 esse}
1622 1613 1783 1694 quod
1825 1615 2189 1676 domicilium

110 1718 114 1721 ·
177 1699 374 1780 plebis
419 1699 706 1756 Romanae
749 1715 964 1754 vocare
1015 1694 1094 1754 sit
1135 1693 1366 1754 solitu‘s.
1446 1694 1726 1764 Proinde,
1746 1700 1815 1754 ut
1842 1695 1945 1756 ille
1973 1697 2193 1759 iterum

179 1799 254 1838 ac
284 1776 506 1858 saepius
573 1781 834 1844 revocet,
861 1775 948 1834 sic
975 1795 1042 1834 se
1066 1775 1285 1835 iterum
1307 1794 1377 1834 ac
1402 1773 1625 1855 soepius
1641 1775 1911 1856 judicem
1952 1777 2043 1836 illi
2070 1778 2193 1840 fer.-

181 1877 274 1927 re,
316 1857 381 1916 ni
407 1855 506 1916 vin
553 1855 700 1915 icias
725 1857 798 1915 ab
823 1854 1099 1916 libertate
1123 1855 1184 1914 in
1220 1854 1570 1914 servitutem
1598 1855 1868 1927 dederit3
1911 1857 1963 1916 si
1990 1859 2067 1918 ad
2086 1861 2191 1940 ju-

181 1937 386 1997 dicem
413 1956 533 1996 non
573 1941 688 2005 eat,
735 1957 840 2016 pro
867 1936 1148 1996 damnato
1193 1935 1259 1996 in
1298 1934 1545 1996 vincula
1584 1936 1724 1996 duci
1742 1939 2019 2017 jubere.”
2104 1939 2191 2002 Ut

178 2017 342 2078 haud
363 2036 663 2096 quoquam
682 2015 1067 2096 improbante,
1090 2017 1176 2079 sic
1199 2035 1413 2097 magno
1430 2021 1595 2076 motu
1626 2017 1974 2087 animorum,
2002 2038 2191 2097 quum
2238 2093 2254 2097 „

179 2097 339 2158 tanti
365 2096 481 2156 viri
508 2096 800 2178 supplicio
828 2102 1062 2156 suamet
1103 2097 1263 2176 plebi
1294 2099 1419 2176 jam
1462 2096 1650 2156 nimia‘
1680 2096 1927 2157 libertas
1954 2097 2189 2160 videre-

174 2185 296 2248 tur,
322 2177 386 2236 in
417 2179 722 2238 carcerem
749 2183 843 2236 est
891 2179 1242 2256 conjectus3
1286 2175 1553 2236 tribunus
1596 2177 1653 2236 ei
1699 2177 1859 2236 diem
1906 2178 2187 2258 prodixit.

179 2260 349 2319 Inter
373 2257 506 2318 haec
535 2259 608 2317 ab
640 2256 876 2317 Latinis
916 2263 978 2315 et
1019 2254 1301 2316 Hernicis
1329 2255 1510 2336 legati
1548 2257 1911 2336 gratulatum
1938 2259 2015 2318 de
2042 2279 2189 2319 con·

181 2339 386 2400 cordia
432 2339 682 2398 Patrum
727 2359 799 2398 ac
834 2336 1029 2418 plebis
1061 2337 1313 2396 Romam
1354 2343 1689 2408 venerunt3
1732 2337 2073 2418 donumque
2114 2343 2188 2401 ob

36 2427 40 2492 Ι
133 2421 142 2429 ’
177 2439 312 2482 eam
337 2417 1008 2498 Jovioptimo-maximo
1036 2429 1311 2476 coronam
1339 2415 1579 2476 auream
1606 2415 1669 2476 in
1698 2418 2060 2499 Capitolium
2088 2426 2188 2480 tuss

36 2505 39 2512 '
172 2501 306 2562 lere
327 2497 498 2579 parvi
525 2497 826 2578 ponderis,
851 2503 1023 2578 prout
1053 2517 1150 2556 res
1176 2495 1336 2554 haud
1364 2495 1665 2576 opulentae
1690 2509 1879 2569 erant,
1906 2502 2185 2562 coleban-

167 2588 400 2660 turque
419 2575 738 2658 religiones
762 2577 860 2658 pie
879 2577 1084 2659 magis„
1111 2573 1294 2657 quain
1314 2575 1647 2658 magnifice.
1725 2580 1951 2642 Iisdem
1977 2589 2185 2646 aucto-

171 2659 342 2720 ribus
391 2659 694 2740 cognitum
735 2664 848 2728 est,
895 2657 1134 2751 AEquos
1179 2657 1551 2738 Volscosque
1587 2667 1829 2720 ‘summa
1858 2661 1918 2728 vi
1956 2663 2183 2728 bellum

173 2759 485 2834 apparare.
567 2739 780 2818 Itaque
822 2739 1030 2820 partin
1099 2737 1393 2798 rovincias
1422 2739 1697 2800 consules
1728 2741 1907 2822 jussi}
1986 2745 2185 2807 Hora-

173 2828 264 2881 tlo
293 2818 515 2890 Sabini,
557 2817 800 2879 Valerio
824 2818 1015 2898 AEqui
1102 2818 1369 2897 olscique
1423 2838 1695 2880 evenere.
1778 2822 1975 2896 Quum
2004 2826 2080 2886 ad
2109 2841 2182 2886 ea

173 2901 336 2964 bella
361 2899 668 2960 delectum
695 2899 1048 2968 edixissent,
1089 2898 1292 2960 favore
1332 2899 1523 2979 plebis
1549 2919 1667 2960 non
1683 2901 1957 2982 ‘juniores
1985 2905 2184 2974 modo,

175 2981 288 3044 sed
312 2980 575 3041 emeritis
613 2978 794 3041 etiam
821 2977 1156 3059 stipendiis,
1181 2997 1321 3058 pars
1347 2996 1563 3062 magna
1588 2981 2076 3054 voluntariorum,
2104 2985 2185 3046 ad

170 3061 418 3124 nomina
443 3061 652 3120 dandas
669 3063 894 3140 praesto
921 3057 1086 3119 fuere
1108 3078 1129 3129 3
1169 3079 1359 3138 eoque
1386 3079 1509 3120 non
1536 3060 1707 3152 copia
1734 3062 1915 3124 modo
1944 3063 2051 3124 sed
2077 3083 2183 3144 ge-

167 3162 317 3203 nere
345 3141 525 3202 etiam
546 3140 820 3208 militum,
848 3138 1146 3200 veteranis
1173 3139 1463 3209 admistis,
1484 3139 1705 3203 firnnor
1732 3143 2028 3209 exercitus
2048 3141 2183 3202 fuit.

170 3223 534 3302 Priusquam
559 3223 766 3290 urbem
793 3219 1237 3302 egrederentur,
1279 3221 1445 3301 leges
1472 3220 1923 3290 decemvir-alce,
1963 3222 2181 3301 quibus

171 3315 211 3341 “
229 3301 450 3364 tabulis
479 3301 839 3362 duodecim„
869 3307 962 3361 est
989 3319 1224 3370 nomen,
1250 3301 1419 3380 in-aes
1446 3301 1669 3363 incisas
1694 3302 1759 3361 in
1786 3300 2023 3381 publico
2043 3321 2184 3382 pro·

173 3388 524 3466 posuerunt.
607 3379 786 3451 Sunt,
835 3381 939 3461 qui
970 3382 1146 3462 jussu
1176 3381 1547 3443 tribunorum
1598 3381 1807 3442 aediles
1834 3378 2071 3442 functos
2112 3401 2184 3445 eo

176 3462 512 3525 ministerio
541 3463 821 3524 scribant.
1161 3483 1168 3490 ·
1464 3471 1470 3478 ·

263 3543 498 3604 LVIII.
541 3543 614 3602 C.
635 3541 947 3626 Claudius,
978 3539 1126 3619 (qui,
1151 3559 1401 3622 perosus
1438 3537 1909 3599 decemvirorum
1938 3540 2186 3610 scelera,

175 3630 242 3686 et
269 3632 411 3685 ante
433 3641 640 3684 omnes
666 3621 871 3692 fratris
897 3619 1010 3680 filii
1038 3622 1333 3701 superbiae
1362 3619 1639 3684 infestus,
1668 3615 1985 3692 Regillum,
2027 3620 2188 3678 anti-

172 3723 357 3785 quam
381 3705 447 3763 in
471 3703 750 3784 patriam,
785 3721 850 3768 se
877 3697 1239 3780 contulerat)
1286 3699 1339 3758 is
1366 3713 1578 3773 magno
1618 3696 1746 3769 jam
1788 3699 1957 3782 natu,
1999 3711 2186 3770 quum
2243 3740 2248 3748 .

99 3843 108 3856 ,
175 3785 276 3848 ιά-
299 3783 572 3866 pericula
609 3784 742 3864 ejus
775 3777 1164 3917 'deprgctm'da
1202 3778 1487 3840 redisset,
1532 3789 1703 3849 cujus
1746 3777 1895 3830 vitia
1932 3769 2184 3846 fugerat,
