2400 4109
981 245 984 250 Ι
1019 158 1279 220 LIBER
1304 161 1415 220 lv.
1971 253 1975 280 Ι
2089 163 2250 220 215*

267 317 432 378 aucis
476 312 798 389 funeribus,
838 317 1217 400 pestilentem
1260 339 1482 380 annum
1522 320 1723 402 inopia
1762 321 2022 402 frugum,
2062 339 2211 410 neg-

250 404 386 459 ecto
415 398 582 458 cultu
623 417 914 480 agrorum,
959 399 1427 480 (ussplemmque
1454 399 1547 481 fit)
1594 403 1847 482 excepit,
1897 401 1989 461 M.
2033 402 2213 479 Papi-

217 477 310 536 rio
374 479 673 548 Atratino,
740 480 812 539 C.
851 479 1081 538 Nautio
1120 479 1326 538 Rutilo
1367 481 1727 540 consulibus.
1810 483 1942 541 Jam
1998 480 2213 548 fameS,

218 559 404 697 qulam
435 557 1060 697 festiientia’·trliilsii⁰r
1086 565 1249 618 erat:
1276 558 1372 638 ni,
1398 559 1663 652 dimissis
1693 561 1853 700 αξξ,
1872 579 2076 653 onmes
2100 579 2209 640 po-

263 656 302 694 u
331 658 395 697 os
459 659 492 698 e
533 659 568 698 a
619 659 666 707 s,
779 659 836 697 ιιι
923 658 1200 698 ·ruscum
1242 658 1421 708 mare,
1498 659 1566 698 ui
1611 661 1686 700 ue
1786 662 1807 700 1
1848 658 2211 700 emmacco-

216 656 374 787 funt,
417 657 880 778 adgfrumenc‘ltum
908 716 1315 787 mercandum,
1355 659 1607 779 annilmg
1637 720 1795 781 foret
1836 722 2211 779 subventum.

220 796 492 877 Superbe
518 802 591 857 ab
621 795 1000 867 SamnitibuS,
1053 797 1159 876 qui
1208 797 1475 878 Capuam
1514 798 1809 859 habebant
1848 797 2211 877 Cumasque,

216 875 406 956 legati
432 877 709 960 prohibiti
732 877 1082 936 commercio
1111 884 1287 936 sunt:
1331 884 1539 938 contra
1564 900 1634 940 ea
1662 879 1917 960 benigne
1935 882 2009 938 ab
2040 879 2211 938 Sicu-

217 954 426 1015 lorum
459 956 730 1038 tyrannis
759 956 986 1036 adjuti3
1026 957 1310 1016 maximos
1352 963 1715 1019 commeatus
1756 978 1985 1018 summo
2025 959 2285 1017 Etru-⁸⁸⁸*

219 1033 333 1094 riae
375 1037 575 1097 studio
615 1035 850 1095 Tiberis
888 1035 1145 1095 devexit.
1229 1037 1624 1097 Solitudinem
1666 1039 1727 1098 in
1770 1038 2011 1098 civitate
2052 1057 2211 1118 aegra.

157 1183 162 1196 Ι
223 1117 458 1194 experti
501 1115 774 1176 consules
797 1122 982 1174 'suntz
1023 1135 1224 1194 quum,
1250 1115 1314 1174 in
1342 1117 1669 1196 legationes
1696 1137 1817 1177 non
1842 1118 1977 1196 plus
2006 1117 2209 1198 singu-

222 1192 304 1252 lis
323 1196 714 1274 {senatoribus
755 1193 1148 1264 invenienteS,
1190 1195 1382 1256 coacti
1411 1203 1553 1256 sunt
1578 1197 1747 1258 binos
1789 1198 2021 1274 equites
2062 1196 2275 1283 adii-r„r

222 1293 380 1333 cere.
461 1277 870 1352 Praeterquam
910 1276 982 1334 ab
1011 1278 1211 1335 morbo
1260 1295 1630 1356 annonaque,
1670 1276 1819 1336 nihil
1862 1297 1932 1336 eo
1968 1277 2211 1336 biennio

220 1351 494 1414 intestini
537 1353 842 1415 externive
883 1353 1246 1414 incommodi
1284 1355 1443 1426 fuit·;
1484 1357 1547 1416 at
1574 1356 1675 1416 ubi
1712 1356 1807 1417 hae
1852 1355 2210 1416 sollicitudi-

221 1433 708 1501 nes⁸discessere,
750 1433 964 1503 omnia,
990 1434 1208 1512 quibus
1233 1435 1459 1495 turbari
1484 1435 1661 1498 solita
1687 1441 1818 1496 erat
1844 1435 2075 1505 civitae,
2102 1435 2211 1495 d'o-

218 1512 304 1572 mi
325 1513 642 1582 discordia,
681 1511 826 1571 foris
852 1512 1076 1573 bellum
1097 1519 1389 1574 exortum.

301 1593 476 1653 LIII.
517 1594 610 1652 M.
638 1591 908 1661 AEmilio,
951 1591 1022 1651 G.
1057 1592 1302 1653 Valerio
1342 1594 1543 1654 Potito
1584 1595 1948 1663 consulibus,
1986 1593 2209 1655 bellum

213 1671 409 1750 AEqui
434 1669 725 1753 parabant
746 1692 763 1728 z
788 1746 797 1753 β
820 1670 1078 1740 VolsciS,
1119 1690 1459 1751 quanquam
1502 1693 1622 1734 non
1664 1675 1902 1754 publico
1943 1672 2210 1743 consilio,

219 1771 292 1811 ca
369 1753 668 1813 ssentibus
709 1770 891 1819 arma,
930 1750 1285 1811 voluntariis
1324 1753 1604 1813 mercede
1652 1754 1873 1814 secutis
1914 1752 2207 1814 militiam.

195 1772 616 1911 ,Ai'equorum
655 1830 875 1890 famam
901 1829 1158 1891 hostium
1203 1831 1351 1911 (jam
1393 1831 1643 1893 enimin
1673 1833 1956 1894 Latinum
1985 1833 2210 1893 Herni-

221 1929 490 1990 cumque·
517 1910 1018 1972 transcenderant
1056 1912 1285 2003 agrum)
1330 1911 1633 1976 delectum
1670 1913 1984 1974 habentem
2023 1913 2209 1974 Vale·

217 1989 374 2050 rium
417 1990 722 2051 consulem
762 1991 856 2050 M.
895 1991 1471 2068 Maeniustribunus
1509 1992 1717 2072 plebis,
1763 1991 1914 2073 legis
1955 1991 2205 2072 agraria

219 2070 392 2140 lator,
421 2089 606 2149 quum
631 2069 969 2150 impediret,
1007 2069 1345 2150 auxilioque
1385 2071 1608 2132 tribuni
1636 2092 1811 2133 nemo
1851 2070 2079 2131 invitus
2107 2091 2205 2131 sa-

220 2155 526 2210 cramento
569 2149 839 2220 diceret3
874 2145 1124 2230 repente
1161 2149 1499 2220 nunciatur,
1540 2159 1739 2212 arcem
1762 2151 2205 2218 Carventanam

218 2232 293 2288 ab
321 2229 586 2290 hostibus
626 2232 980 2309 occupatam
1019 2248 1168 2288 esse.
1240 2229 1339 2288 'Ea
1358 2228 1676 2310 ignominia
1716 2234 1981 2310 accepta,
2020 2249 2207 2309 quum
2249 2304 2257 2310 .

219 2309 377 2389 apud
405 2310 616 2372 Patres
656 2306 902 2369 invidiae
931 2305 1163 2368 Maenio
1189 2307 1325 2378 fuit,
1352 2314 1481 2369 tum
1521 2309 1737 2370 ceteris
1774 2307 2043 2379 tribunis,
2075 2312 2206 2388 Jam

217 2389 360 2465 ante
399 2386 750 2469 praeparatis
767 2387 1259 2468 intercessoribus
1286 2389 1342 2448 le
1384 2389 1433 2449 's
1453 2389 1733 2470 agrariae,
1748 2388 2008 2471 praebuit
2024 2387 2208 2468 justi-

219 2487 384 2528 orem
407 2487 646 2528 causam
670 2466 990 2527 resistendi
1017 2467 1283 2548 collegoe.
1398 2474 1578 2548 taque
1606 2465 1790 2549 quum
1807 2488 1904 2528 res
1932 2467 2032 2528 diu
2057 2469 2209 2528 duc-

218 2552 286 2607 ta
325 2567 455 2629 per.
475 2546 924 2609 altercationem
964 2552 1124 2607 esset
1141 2567 1160 2618 3
1216 2548 1569 2614 ⁴consulibus
1620 2551 1782 2608 Deos
1822 2547 2207 2628 hominesque

218 2627 600 2696 testantibus,
641 2637 678 2664 ‘⁴
698 2625 985 2706 quicquid
1014 2628 1086 2686 ab
1099 2626 1369 2688 hostibus
1396 2628 1585 2689 cladis
1612 2628 2073 2710 ignominiaeque
2100 2634 2206 2689 aut

211 2707 342 2787 jam
369 2727 513 2767 acce
557 2711 680 2766 tum
709 2711 888 2775 esset,
917 2712 1023 2767 aut
1047 2706 1406 2778 immineret,
1435 2709 1671 2789 culpam
1698 2727 1883 2789 penes
1910 2709 2205 2770 Maenium
2316 2735 2323 2740 ·

219 2785 362 2855 fore,
385 2784 491 2866 qui
555 2787 815 2848 electum
852 2785 1172 2866 impediret
1190 2788 1254 2856 ;”
1297 2789 1531 2848 Maenio
1570 2789 1779 2848 contra
1818 2787 2205 2857 vociferante,

209 2877 254 2903 ·“
273 2865 324 2926 si
344 2865 553 2946 injusti
573 2866 800 2926 domini
825 2865 1199 2945 posses-sione
1227 2866 1353 2946 agri
1378 2867 1602 2959 publici
1643 2868 1951 2940 cederent,
1974 2888 2038 2929 se
2078 2887 2207 2928 mo-

105 2989 118 3034 2
166 2961 176 2976 ¹
214 2963 342 3005 ram
363 2945 626 3006 delectui
651 2965 770 3004 non
793 2944 1078 3015 faeere”;
1119 2943 1362 3006 decreto
1382 2947 1747 3027 mterposito,
1773 2967 1989 3008 novem
2012 2947 2205 3006 tribu-

213 3023 279 3086 ni
321 3025 696 3087 sustulerunt
743 3030 1081 3094 cei-tumens
1146 3025 1813 3106 pronunciaveruntque
1852 3046 1926 3086 ex
1970 3025 2204 3105 collegii

215 3104 536 3176 sententia,
575 3115 611 3142 “
630 3104 701 3164 G.
747 3103 988 3164 Valerio
1038 3103 1267 3164 consuli
1310 3124 1395 3176 se,
1435 3106 1720 3166 damnum
1760 3106 2056 3182 aliamque
2106 3123 2206 3164 co-

143 3241 148 3245 .
221 3183 539 3254 ercionem,
592 3185 878 3244 adversus
913 3183 1405 3244 intercessionem
1448 3186 1719 3265 collegae,
1758 3185 2033 3245 delectus
2060 3201 2205 3242 cau-

215 3269 284 3323 sa
326 3263 798 3324 detrectantibus
841 3262 1112 3323 militiam
1140 3262 1446 3334 inhibenti,
1474 3265 1693 3324 auxilio
1733 3265 1963 3324 futuros
2004 3263 2202 3322 esse.”

215 3343 352 3403 Hoc
385 3343 639 3404 ‘decreto
701 3343 908 3402 cons-ul
951 3346 1215 3402 armatus
1254 3363 1437 3422 quum
1480 3343 1709 3424 paucis,
1761 3341 2201 3422 appellantibus

211 3423 538 3492 tribunum,
579 3421 798 3482 collum
826 3421 1115 3492 torsisset,
1155 3429 1315 3482 metu
1372 3423 1556 3485 ceteri
1584 3427 1955 3483 sacramento
1980 3421 2202 3483 dixere.
2233 3443 2323 3466 ff·

221 3503 460 3564 Ductus
491 3501 790 3562 exercitus
816 3501 892 3560 ad
943 3501 1380 3570 Carventanam
1410 3522 1627 3570 arcem,
1667 3517 2007 3580 quanquam
2046 3502 2204 3561 invi-

215 3601 316 3642 sus
338 3581 715 3660 infestusque
743 3580 976 3640 consuli
1019 3585 1162 3649 erat,
1188 3581 1436 3662 impigre
1462 3579 1650 3660 primo
1691 3579 1894 3639 statim
1920 3581 2201 3646 adventu,

215 3661 466 3741 dejectis
497 3661 601 3740 qui
643 3660 708 3718 in
735 3658 1018 3740 praesidio
1045 3665 1236 3728 erant,
1264 3677 1461 3718 arcem
1491 3656 1718 3736 recepit
1744 3677 1761 3727 3
1815 3660 2198 3738 praedatores,

213 3761 286 3812 ex
326 3741 602 3832 praesidio
640 3759 750 3820 per
774 3739 1194 3834 negligentiam
1234 3734 1473 3826 dilapsi,
1512 3735 1883 3806 occasionem
1917 3741 2199 3820 aperuere
