2400 4109
165 140 248 200 64
997 138 1074 199 T.
1101 138 1318 199 lell
1388 190 1394 195 .

165 300 436 383 pendet?
471 300 728 361 sadeone
750 303 844 359 est
867 298 1120 359 fundata
1144 298 1361 359 leviter
1384 278 1555 367 fides,
1580 302 1671 369 ut,
1694 299 1797 359 ubi
1824 299 1959 369 sim,
1984 300 2171 379 quam

165 381 272 461 qui
286 381 413 449 sim,
426 379 856 460 magisffreferat
878 380 902 439 P
943 378 1084 440 Non
1111 381 1430 439 obstabunt
1456 379 1524 438 P.
1541 378 1769 439 Valerii
1799 379 1960 439 aedes
1986 380 2171 440 liber-

164 461 276 523 tati
302 466 541 529 vestrae,
560 459 824 533 Quirites
847 481 866 530 ;
905 466 1035 519 tuta
1055 459 1170 518 erit
1195 458 1361 519 vobis
1382 458 1573 519 Velia.
1654 460 1934 521 Deieram
1962 460 2172 521 nonin

161 542 410 620 planum
437 540 614 599 modo
645 540 826 613 aedes,
847 540 956 599 sed
985 539 1126 599 colli
1154 537 1336 599 etiam
1365 538 1715 618 subjiciam3
1754 548 1825 599 ut
1850 558 1956 600 vos
1984 559 2171 621 supra

161 640 266 679 sus
309 626 509 681 ectum
534 640 630 679 me
658 620 850 679 civem
881 618 1176 681 habitetis.
1284 620 1358 678 In
1386 618 1560 679 Velia
1604 618 1925 690 aedificent,
1952 620 2172 699 quibus

161 720 260 760 me
283 700 400 770 ius,
427 720 605 781 quam
632 700 702 759 P.
727 700 988 769 Valerio,
1010 698 1277 769 creditur
1300 700 1609 760 libertas.”
1690 700 1909 759 Delata
1935 698 2169 761 confes-

161 780 272 840 tim
302 780 546 843 materia
571 780 762 840 omnis
789 778 946 841 infra
972 777 1246 849 Veliam3
1288 779 1494 848 et,·ubi
1520 798 1681 839 nunc
1702 779 2027 860 Vicaepotae
2050 786 2169 851 est,

165 860 376 922 domus
403 860 468 919 in
488 858 690 921 infimo
717 860 874 920 clivo
901 859 1219 921 aedificata.

242 942 420 999 VIII.
463 941 636 1001 Latae
666 941 886 1001 deinde
911 940 1094 1021 legeS,
1120 960 1241 1000 non
1268 939 1462 1000 solnm
1488 958 1624 1019 quae
1646 939 1815 1021 regni
1830 940 2167 1023 suspicione

73 1039 77 1042 ·
164 1019 474 1080 consulem
515 1022 912 1090 absolverent,
941 1022 1045 1081 sed
1102 1038 1241 1100 quae
1284 1020 1439 1079 adeo
1478 1019 1541 1083 in
1571 1020 1931 1080 contrarium
1971 1030 2179 1081 verte·-

159 1106 316 1169 rent,
343 1106 412 1161 ut
439 1101 784 1183 popularem
813 1100 992 1161 etiam
1031 1101 1341 1171 facerent3
1408 1099 1549 1161 inde
1590 1120 1913 1180 cognomen
1940 1100 2187 1179 factum-

161 1179 488 1241 Publicoloe
517 1186 612 1241 est
635 1202 656 1251 3
737 1188 877 1243 ante
923 1176 1128 1241 omnes
1169 1182 1247 1239 de
1272 1179 1690 1260 provocatione
1718 1180 2004 1241 adversus
2038 1202 2169 1242 ma·

158 1259 448 1341 gistratus
487 1261 565 1321 ad
607 1262 910 1343 populum,
958 1259 1369 1339 sacrandoque
1412 1279 1547 1319 cum
1571 1259 1743 1319 bonis
1785 1260 1977 1339 capite
2017 1262 2171 1340 ejus,

204 1339 265 1397 ui
307 1340 474 1422 regni
502 1340 834 1420 occupandi
877 1340 1127 1401 consilia
1165 1338 1402 1407 inisset,
1426 1344 1626 1421 gratae'
1656 1337 1719 1400 in
1762 1340 2025 1421 vulgusl

187 1439 348 1479 uere.
455 1419 619 1493 Quas
660 1440 844 1500 quum
885 1420 1046 1479 solus
1087 1418 1451 1500 pertulisset,
1490 1425 1561 1479 ut
1600 1439 1709 1479 sua
1748 1420 1929 1481 unius
1970 1420 2031 1481 in
2113 1420 2168 1481 ’s

157 1500 353 1581 gratia
390 1508 593 1570 esset3
633 1506 760 1561 tum
801 1499 1020 1561 deinde
1062 1498 1301 1559 comitia
1341 1500 1589 1581 collegae
1632 1499 2004 1582 subrogando
2060 1500 2171 1561 ha-

157 1581 307 1643 buit.
389 1581 645 1643 Creatus
687 1582 790 1662 Sp.
813 1578 1136 1641 Lucretius
1177 1574 1429 1648 Consul,
1454 1579 1560 1660 qui
1584 1586 2005 1661 magnomatu,
2044 1600 2171 1644 nou

159 1660 594 1722 sufficientibus
613 1663 740 1741 jam
767 1661 993 1721 viribus
1019 1661 1096 1721 ad
1125 1659 1459 1721 consularia
1484 1679 1732 1720 munera
1756 1650 2049 1731 obei‘mda,
2074 1660 2171 1721 in·-

157 1744 256 1799 tra
296 1760 516 1820 paucos
558 1740 688 1801 dies
728 1741 998 1801 moritur.
1079 1740 1381 1801 Suffectus
1420 1740 1485 1799 in
1527 1739 1797 1801 Lucretii
1836 1742 2033 1801 locum
2074 1742 2171 1801 M.

161 1819 450 1881 Horatius
490 1820 804 1880 Pulvillus.
907 1820 1090 1901 Apud
1129 1816 1421 1900 quosdam
1460 1826 1695 1881 veteres
1732 1828 2009 1881 auctores
2048 1840 2175 1901 non

155 1896 402 1959 invenio
444 1899 796 1961 Lucretium
837 1899 1179 1961 consulem:
1218 1900 1413 1957 'Bruto
1455 1898 1657 1957 statim
1684 1900 2003 1960 Horatium
2030 1920 2173 1983 sug-

203 1986 409 2063 erunt:
451 1980 651 2049 crede,
673 1979 816 2058 quia
839 1978 1006 2039 nulla
1032 1986 1199 2061 gesta
1236 1998 1333 2038 res
1360 1976 1652 2059 insignem
1699 1976 1912 2039 fecerit
1953 2000 2171 2039 consu-

187 2065 370 2129 atum,
398 2059 680 2120 memoria
708 2059 1103 2138 intercidisse.
1182 2058 1469 2139 Nondum
1494 2057 1778 2118 dedicata
1802 2058 2015 2133 eratin
2048 2060 2172 2121 Ca-

163 2139 374 2222 pitolio
407 2141 441 2201 J
445 2140 571 2201 emis
603 2140 786 2201 aedes.
866 2139 1145 2201 Valerius
1187 2138 1445 2200 Horatiu
1518 2157 1596 2198 ue
1638 2138 1914 2200 consules
1954 2139 2173 2211 sortiti,
2186 2147 2206 2161 '‘

159 2227 299 2280 uter
322 2220 650 2283 dedicaret.
732 2220 986 2282 Horatio
1014 2226 1174 2281 sorte
1201 2218 1421 2281 evenit.
1552 2218 1809 2279 ublicola
1836 2220 1915 2279 ad
1944 2221 2170 2281 Ve'en-

67 2299 71 2305 ’
161 2300 313 2361 tium
340 2301 561 2361 bellu-m
603 2300 948 2381 profectus.⁴
1017 2300 1290 2381 AEgfins,
1318 2300 1501 2379 quam
1527 2298 1773 2381 dignum
1800 2306 1947 2368 erat,
1970 2306 2039 2360 tu
2066 2320 2171 2362 ere

162 2380 392 2441 Valerii
418 2379 760 2449 necessarii,
787 2379 1230 2455 dedicationem
1258 2386 1395 2445 ,tam
1420 2379 1637 2463 inclyti
1676 2380 1887 2462 templi
1915 2380 2169 2461 Horatio

163 2460 296 2521 dari
318 2482 336 2531 3
377 2460 440 2519 id
468 2460 738 2521 omnibus
765 2460 958 2519 modis
983 2460 1275 2542 impedire
1297 2460 1843 2553 conati,postquam
1870 2461 1990 2521 alia
2008 2459 2169 2521 frus-

160 2546 260 2601 tra
288 2546 518 2601 tentata
545 2546 734 2611 erant,
759 2546 992 2621 postem
1036 2542 1165 2622 jam
1203 2540 1440 2601 tenenti
1480 2540 1713 2600 consuli
1754 2541 1985 2601 foedum
2010 2539 2171 2601 inter

203 2618 562 2681 recationem
589 2622 788 2681 Deum
814 2621 1102 2682 nuncium
1127 2620 1432 2682 incutiunt
1454 2640 1471 2689 3
1524 2630 1560 2655 “
1582 2627 1879 2679 mortuum
1927 2623 2059 2701 ejus
2092 2620 2169 2680 fi-

158 2642 312 2762 iiam
354 2720 506 2770 esse,
546 2700 908 2780 funestaque
949 2701 1176 2765 familia
1212 2699 1497 2760 dedicare
1538 2718 1676 2757 eum
1716 2700 2003 2780 templum
2046 2719 2170 2761 non

161 2782 402 2875 posse.”
483 2780 648 2841 Non·
675 2782 999 2844 crediderit
1037 2782 1283 2850 factum,
1310 2800 1395 2841 an·
1430 2782 1665 2840 tantum
1707 2777 1903 2838 animo
1928 2779 2171 2842 ,roboris

158 2862 362 2931 tuerit,
389 2880 500 2921 nec
528 2862 786 2923 traditur
807 2870 1054 2932 certum,
1074 2881 1187 2921 nec
1210 2858 1619 2943 interpretatio
1640 2864 1734 2943 est
1760 2857 1993 2919 facilis„-
2054 2860 2171 2920 Ni·-

161 2940 248 3003 hil
276 2941 438 3005 aliud
467 2942 546 3002 ad
573 2963 711 3003 eum
736 2944 1024 3007 nuncium
1053 2944 1089 3002 a
1113 2940 1413 3021 proposito
1440 2958 1703 3010 aversus,
1752 2960 1932 3019 quam
1958 2946 2029 3000 ut
2068 2960 2171 3001 ca·

165 3023 352 3083 daver
390 3021 584 3083 effen-i
617 3025 874 3104 juberet,
925 3029 1141 3083 tenens
1181 3028 1431 3103 postem,
1476 3019 1881 3101 precationem
1922 3019 2171 3113 peragit,

163 3108 228 3163 et
253 3100 494 3163 dedicat
519 3104 824 3183 templum.
931 3104 1088 3164 Haec
1113 3107 1246 3183 post
1261 3108 1502 3163 exactos
1528 3118 1700 3180 reges
1726 3098 1888 3173 domi
1907 3100 2169 3178 militloef·

165 3202 283 3261 que
309 3191 478 3265 gesta
544 3182 694 3243 rimo
721 3204 896 3244 anno.
977 3182 1130 3243 Inde
1157 3182 1227 3243 P.
1253 3180 1531 3241 Valerius
1556 3178 1795 3249 iterum,
1826 3181 1914 3240 T.
1941 3182 2169 3241 Lucre-

161 3262 286 3323 tius
329 3284 512 3323 consu
540 3282 604 3323 es
631 3262 796 3323 facti.
1075 3280 1082 3290 ·
1995 3300 2009 3311 .

247 3342 356 3399 IX.
394 3344 530 3404 Jam
569 3342 887 3421 Tarquinii
929 3345 1008 3403 ad
1037 3343 1286 3403 Lartem
1331 3342 1679 3410 Porsenam,
1718 3340 2034 3403 Clusinum
2071 3359 2169 3397 re·

165 3437 320 3497 gem,
347 3422 726 3503 perfugerant
749 3444 769 3495 3
807 3422 907 3493 ibi,
935 3422 1243 3482 miscendo
1272 3419 1583 3481 consilium
1625 3441 1970 3503 precesque,
2009 3436 2171 3479 nunc
2205 3454 2211 3467 =

167 3498 432 3566 orabant,
471 3512 505 3537 “
529 3522 605 3561 ne
653 3522 736 3572 se,
783 3502 1064 3561 oriundos
1103 3522 1179 3561 ex
1219 3500 1514 3571 Etruscis,
1541 3502 1823 3583 {ejusdem
1864 3496 2169 3579 sanguinis

166 3574 558 3655 nominisque,
609 3589 854 3672 egentes
897 3581 1170 3641 exsulare
1210 3588 1517 3661 pateretur
1540 3584 1605 3642 :²⁹
1644 3576 1803 3642 nun'c
1844 3579 2167 3639 monebant

170 3648 370 3718 etiam,
420 3665 455 3692 “
477 3674 554 3716 ne
577 3668 868 3723 mentem
894 3681 1118 3737 morem
1140 3662 1412 3745 pellendi
1437 3682 1607 3745 reges
1640 3660 1897 3723 inultum
1920 3656 2171 3723 sineret.

1027 3897 1042 3935 ἲ
